timestamp,unix_time,instrument,price,direction,tick_size,session_id
2026-04-03 23:00:53,1775257253,1HZ75V,4303.41,0,,BACKFILL_AUTO
2026-04-03 23:00:54,1775257254,1HZ75V,4303.31,-1,0.0999999999994543,BACKFILL_AUTO
2026-04-03 23:00:55,1775257255,1HZ75V,4303.3,-1,0.010000000000218279,BACKFILL_AUTO
2026-04-03 23:00:56,1775257256,1HZ75V,4302.7,-1,0.6000000000003638,BACKFILL_AUTO
2026-04-03 23:00:57,1775257257,1HZ75V,4302.76,1,0.06000000000040018,BACKFILL_AUTO
2026-04-03 23:00:58,1775257258,1HZ75V,4302.84,1,0.07999999999992724,BACKFILL_AUTO
2026-04-03 23:00:59,1775257259,1HZ75V,4301.92,-1,0.9200000000000728,BACKFILL_AUTO
2026-04-03 23:01:00,1775257260,1HZ75V,4302.26,1,0.3400000000001455,BACKFILL_AUTO
2026-04-03 23:01:01,1775257261,1HZ75V,4302.07,-1,0.19000000000050932,BACKFILL_AUTO
2026-04-03 23:01:02,1775257262,1HZ75V,4302.66,1,0.5900000000001455,BACKFILL_AUTO
2026-04-03 23:01:03,1775257263,1HZ75V,4303.4,1,0.7399999999997817,BACKFILL_AUTO
2026-04-03 23:01:04,1775257264,1HZ75V,4303.32,-1,0.07999999999992724,BACKFILL_AUTO
2026-04-03 23:01:05,1775257265,1HZ75V,4304.05,1,0.7300000000004729,BACKFILL_AUTO
2026-04-03 23:01:06,1775257266,1HZ75V,4303.95,-1,0.1000000000003638,BACKFILL_AUTO
2026-04-03 23:01:07,1775257267,1HZ75V,4304.32,1,0.36999999999989086,BACKFILL_AUTO
2026-04-03 23:01:08,1775257268,1HZ75V,4304.16,-1,0.15999999999985448,BACKFILL_AUTO
2026-04-03 23:01:09,1775257269,1HZ75V,4304.9,1,0.7399999999997817,BACKFILL_AUTO
2026-04-03 23:01:10,1775257270,1HZ75V,4305.91,1,1.0100000000002183,BACKFILL_AUTO
2026-04-03 23:01:11,1775257271,1HZ75V,4304.81,-1,1.0999999999994543,BACKFILL_AUTO
2026-04-03 23:01:12,1775257272,1HZ75V,4304.93,1,0.11999999999989086,BACKFILL_AUTO
2026-04-03 23:01:13,1775257273,1HZ75V,4304.81,-1,0.11999999999989086,BACKFILL_AUTO
2026-04-03 23:01:14,1775257274,1HZ75V,4304.72,-1,0.09000000000014552,BACKFILL_AUTO
2026-04-03 23:01:15,1775257275,1HZ75V,4304.89,1,0.17000000000007276,BACKFILL_AUTO
2026-04-03 23:01:16,1775257276,1HZ75V,4304.93,1,0.03999999999996362,BACKFILL_AUTO
2026-04-03 23:01:17,1775257277,1HZ75V,4303.7,-1,1.230000000000473,BACKFILL_AUTO
2026-04-03 23:01:18,1775257278,1HZ75V,4303.27,-1,0.42999999999938154,BACKFILL_AUTO
2026-04-03 23:01:19,1775257279,1HZ75V,4303.12,-1,0.1500000000005457,BACKFILL_AUTO
2026-04-03 23:01:20,1775257280,1HZ75V,4303.12,0,0.0,BACKFILL_AUTO
2026-04-03 23:01:21,1775257281,1HZ75V,4303.11,-1,0.010000000000218279,BACKFILL_AUTO
2026-04-03 23:01:22,1775257282,1HZ75V,4303.58,1,0.47000000000025466,BACKFILL_AUTO
2026-04-03 23:01:23,1775257283,1HZ75V,4303.4,-1,0.18000000000029104,BACKFILL_AUTO
2026-04-03 23:01:24,1775257284,1HZ75V,4303.59,1,0.19000000000050932,BACKFILL_AUTO
2026-04-03 23:01:25,1775257285,1HZ75V,4303.52,-1,0.06999999999970896,BACKFILL_AUTO
2026-04-03 23:01:26,1775257286,1HZ75V,4305.07,1,1.5499999999992724,BACKFILL_AUTO
2026-04-03 23:01:27,1775257287,1HZ75V,4305.78,1,0.7100000000000364,BACKFILL_AUTO
2026-04-03 23:01:28,1775257288,1HZ75V,4306.16,1,0.38000000000010914,BACKFILL_AUTO
2026-04-03 23:01:29,1775257289,1HZ75V,4306.16,0,0.0,BACKFILL_AUTO
2026-04-03 23:01:30,1775257290,1HZ75V,4305.55,-1,0.6099999999996726,BACKFILL_AUTO
2026-04-03 23:01:31,1775257291,1HZ75V,4304.99,-1,0.5600000000004002,BACKFILL_AUTO
2026-04-03 23:01:32,1775257292,1HZ75V,4304.7,-1,0.2899999999999636,BACKFILL_AUTO
2026-04-03 23:01:33,1775257293,1HZ75V,4304.74,1,0.03999999999996362,BACKFILL_AUTO
2026-04-03 23:01:34,1775257294,1HZ75V,4305.05,1,0.3100000000004002,BACKFILL_AUTO
2026-04-03 23:01:35,1775257295,1HZ75V,4305.11,1,0.05999999999949068,BACKFILL_AUTO
2026-04-03 23:01:36,1775257296,1HZ75V,4304.89,-1,0.21999999999934516,BACKFILL_AUTO
2026-04-03 23:01:37,1775257297,1HZ75V,4305.56,1,0.6700000000000728,BACKFILL_AUTO
2026-04-03 23:01:38,1775257298,1HZ75V,4305.63,1,0.06999999999970896,BACKFILL_AUTO
2026-04-03 23:01:39,1775257299,1HZ75V,4305.98,1,0.3499999999994543,BACKFILL_AUTO
2026-04-03 23:01:40,1775257300,1HZ75V,4305.38,-1,0.5999999999994543,BACKFILL_AUTO
2026-04-03 23:01:41,1775257301,1HZ75V,4306.12,1,0.7399999999997817,BACKFILL_AUTO
2026-04-03 23:01:42,1775257302,1HZ75V,4305.98,-1,0.14000000000032742,BACKFILL_AUTO
2026-04-03 23:01:43,1775257303,1HZ75V,4305.29,-1,0.6899999999995998,BACKFILL_AUTO
2026-04-03 23:01:44,1775257304,1HZ75V,4305.17,-1,0.11999999999989086,BACKFILL_AUTO
2026-04-03 23:01:45,1775257305,1HZ75V,4305.11,-1,0.06000000000040018,BACKFILL_AUTO
2026-04-03 23:01:46,1775257306,1HZ75V,4306.38,1,1.2700000000004366,BACKFILL_AUTO
2026-04-03 23:01:47,1775257307,1HZ75V,4307.18,1,0.8000000000001819,BACKFILL_AUTO
2026-04-03 23:01:48,1775257308,1HZ75V,4306.38,-1,0.8000000000001819,BACKFILL_AUTO
2026-04-03 23:01:49,1775257309,1HZ75V,4306.22,-1,0.15999999999985448,BACKFILL_AUTO
2026-04-03 23:01:50,1775257310,1HZ75V,4306.5,1,0.27999999999974534,BACKFILL_AUTO
2026-04-03 23:01:51,1775257311,1HZ75V,4306.12,-1,0.38000000000010914,BACKFILL_AUTO
2026-04-03 23:01:52,1775257312,1HZ75V,4306.67,1,0.5500000000001819,BACKFILL_AUTO
2026-04-03 23:01:53,1775257313,1HZ75V,4306.78,1,0.10999999999967258,BACKFILL_AUTO
2026-04-03 23:01:54,1775257314,1HZ75V,4307.77,1,0.9900000000006912,BACKFILL_AUTO
2026-04-03 23:01:55,1775257315,1HZ75V,4308.35,1,0.5799999999999272,BACKFILL_AUTO
2026-04-03 23:01:56,1775257316,1HZ75V,4308.0,-1,0.3500000000003638,BACKFILL_AUTO
2026-04-03 23:01:57,1775257317,1HZ75V,4307.66,-1,0.3400000000001455,BACKFILL_AUTO
2026-04-03 23:01:58,1775257318,1HZ75V,4307.31,-1,0.3499999999994543,BACKFILL_AUTO
2026-04-03 23:01:59,1775257319,1HZ75V,4307.66,1,0.3499999999994543,BACKFILL_AUTO
2026-04-03 23:02:00,1775257320,1HZ75V,4308.02,1,0.3600000000005821,BACKFILL_AUTO
2026-04-03 23:02:01,1775257321,1HZ75V,4307.97,-1,0.0500000000001819,BACKFILL_AUTO
2026-04-03 23:02:02,1775257322,1HZ75V,4307.92,-1,0.0500000000001819,BACKFILL_AUTO
2026-04-03 23:02:03,1775257323,1HZ75V,4307.72,-1,0.1999999999998181,BACKFILL_AUTO
2026-04-03 23:02:04,1775257324,1HZ75V,4307.08,-1,0.6400000000003274,BACKFILL_AUTO
2026-04-03 23:02:05,1775257325,1HZ75V,4306.85,-1,0.22999999999956344,BACKFILL_AUTO
2026-04-03 23:02:06,1775257326,1HZ75V,4306.06,-1,0.7899999999999636,BACKFILL_AUTO
2026-04-03 23:02:07,1775257327,1HZ75V,4306.83,1,0.7699999999995271,BACKFILL_AUTO
2026-04-03 23:02:08,1775257328,1HZ75V,4306.78,-1,0.0500000000001819,BACKFILL_AUTO
2026-04-03 23:02:09,1775257329,1HZ75V,4306.92,1,0.14000000000032742,BACKFILL_AUTO
2026-04-03 23:02:10,1775257330,1HZ75V,4306.13,-1,0.7899999999999636,BACKFILL_AUTO
2026-04-03 23:02:11,1775257331,1HZ75V,4306.61,1,0.47999999999956344,BACKFILL_AUTO
2026-04-03 23:02:12,1775257332,1HZ75V,4306.83,1,0.22000000000025466,BACKFILL_AUTO
2026-04-03 23:02:13,1775257333,1HZ75V,4305.55,-1,1.2799999999997453,BACKFILL_AUTO
2026-04-03 23:02:14,1775257334,1HZ75V,4305.59,1,0.03999999999996362,BACKFILL_AUTO
2026-04-03 23:02:15,1775257335,1HZ75V,4305.55,-1,0.03999999999996362,BACKFILL_AUTO
2026-04-03 23:02:16,1775257336,1HZ75V,4305.62,1,0.06999999999970896,BACKFILL_AUTO
2026-04-03 23:02:17,1775257337,1HZ75V,4304.81,-1,0.8099999999994907,BACKFILL_AUTO
2026-04-03 23:02:18,1775257338,1HZ75V,4303.67,-1,1.1400000000003274,BACKFILL_AUTO
2026-04-03 23:02:19,1775257339,1HZ75V,4303.22,-1,0.4499999999998181,BACKFILL_AUTO
2026-04-03 23:02:20,1775257340,1HZ75V,4304.25,1,1.0299999999997453,BACKFILL_AUTO
2026-04-03 23:02:21,1775257341,1HZ75V,4303.61,-1,0.6400000000003274,BACKFILL_AUTO
2026-04-03 23:02:22,1775257342,1HZ75V,4303.68,1,0.07000000000061846,BACKFILL_AUTO
2026-04-03 23:02:23,1775257343,1HZ75V,4303.53,-1,0.1500000000005457,BACKFILL_AUTO
2026-04-03 23:02:24,1775257344,1HZ75V,4303.9,1,0.36999999999989086,BACKFILL_AUTO
2026-04-03 23:02:25,1775257345,1HZ75V,4304.4,1,0.5,BACKFILL_AUTO
2026-04-03 23:02:26,1775257346,1HZ75V,4304.37,-1,0.02999999999974534,BACKFILL_AUTO
2026-04-03 23:02:27,1775257347,1HZ75V,4304.83,1,0.4600000000000364,BACKFILL_AUTO
2026-04-03 23:02:28,1775257348,1HZ75V,4306.19,1,1.3599999999996726,BACKFILL_AUTO
2026-04-03 23:02:29,1775257349,1HZ75V,4306.6,1,0.410000000000764,BACKFILL_AUTO
2026-04-03 23:02:30,1775257350,1HZ75V,4307.32,1,0.7199999999993452,BACKFILL_AUTO
2026-04-03 23:02:31,1775257351,1HZ75V,4307.67,1,0.3500000000003638,BACKFILL_AUTO
2026-04-03 23:02:32,1775257352,1HZ75V,4309.09,1,1.4200000000000728,BACKFILL_AUTO
2026-04-03 23:02:33,1775257353,1HZ75V,4308.37,-1,0.7200000000002547,BACKFILL_AUTO
2026-04-03 23:02:34,1775257354,1HZ75V,4308.68,1,0.3100000000004002,BACKFILL_AUTO
2026-04-03 23:02:35,1775257355,1HZ75V,4309.05,1,0.36999999999989086,BACKFILL_AUTO
2026-04-03 23:02:36,1775257356,1HZ75V,4308.86,-1,0.19000000000050932,BACKFILL_AUTO
2026-04-03 23:02:37,1775257357,1HZ75V,4307.85,-1,1.0099999999993088,BACKFILL_AUTO
2026-04-03 23:02:38,1775257358,1HZ75V,4307.06,-1,0.7899999999999636,BACKFILL_AUTO
2026-04-03 23:02:39,1775257359,1HZ75V,4308.4,1,1.339999999999236,BACKFILL_AUTO
2026-04-03 23:02:40,1775257360,1HZ75V,4307.58,-1,0.819999999999709,BACKFILL_AUTO
2026-04-03 23:02:41,1775257361,1HZ75V,4307.06,-1,0.5199999999995271,BACKFILL_AUTO
2026-04-03 23:02:42,1775257362,1HZ75V,4307.73,1,0.6699999999991633,BACKFILL_AUTO
2026-04-03 23:02:43,1775257363,1HZ75V,4306.32,-1,1.4099999999998545,BACKFILL_AUTO
2026-04-03 23:02:44,1775257364,1HZ75V,4307.0,1,0.680000000000291,BACKFILL_AUTO
2026-04-03 23:02:45,1775257365,1HZ75V,4307.59,1,0.5900000000001455,BACKFILL_AUTO
2026-04-03 23:02:46,1775257366,1HZ75V,4307.11,-1,0.48000000000047294,BACKFILL_AUTO
2026-04-03 23:02:47,1775257367,1HZ75V,4307.49,1,0.38000000000010914,BACKFILL_AUTO
2026-04-03 23:02:48,1775257368,1HZ75V,4308.14,1,0.6500000000005457,BACKFILL_AUTO
2026-04-03 23:02:49,1775257369,1HZ75V,4308.19,1,0.049999999999272404,BACKFILL_AUTO
2026-04-03 23:02:50,1775257370,1HZ75V,4308.8,1,0.6100000000005821,BACKFILL_AUTO
2026-04-03 23:02:51,1775257371,1HZ75V,4308.66,-1,0.14000000000032742,BACKFILL_AUTO
2026-04-03 23:02:52,1775257372,1HZ75V,4308.44,-1,0.22000000000025466,BACKFILL_AUTO
2026-04-03 23:02:53,1775257373,1HZ75V,4307.04,-1,1.3999999999996362,BACKFILL_AUTO
2026-04-03 23:02:54,1775257374,1HZ75V,4307.93,1,0.8900000000003274,BACKFILL_AUTO
2026-04-03 23:02:55,1775257375,1HZ75V,4307.05,-1,0.8800000000001091,BACKFILL_AUTO
2026-04-03 23:02:56,1775257376,1HZ75V,4307.24,1,0.18999999999959982,BACKFILL_AUTO
2026-04-03 23:02:57,1775257377,1HZ75V,4306.93,-1,0.3099999999994907,BACKFILL_AUTO
2026-04-03 23:02:58,1775257378,1HZ75V,4307.64,1,0.7100000000000364,BACKFILL_AUTO
2026-04-03 23:02:59,1775257379,1HZ75V,4307.88,1,0.23999999999978172,BACKFILL_AUTO
2026-04-03 23:03:00,1775257380,1HZ75V,4308.18,1,0.3000000000001819,BACKFILL_AUTO
2026-04-03 23:03:01,1775257381,1HZ75V,4308.17,-1,0.010000000000218279,BACKFILL_AUTO
2026-04-03 23:03:02,1775257382,1HZ75V,4307.81,-1,0.3599999999996726,BACKFILL_AUTO
2026-04-03 23:03:03,1775257383,1HZ75V,4307.45,-1,0.3600000000005821,BACKFILL_AUTO
2026-04-03 23:03:04,1775257384,1HZ75V,4308.04,1,0.5900000000001455,BACKFILL_AUTO
2026-04-03 23:03:05,1775257385,1HZ75V,4307.62,-1,0.42000000000007276,BACKFILL_AUTO
2026-04-03 23:03:06,1775257386,1HZ75V,4306.89,-1,0.7299999999995634,BACKFILL_AUTO
2026-04-03 23:03:07,1775257387,1HZ75V,4306.8,-1,0.09000000000014552,BACKFILL_AUTO
2026-04-03 23:03:08,1775257388,1HZ75V,4307.13,1,0.32999999999992724,BACKFILL_AUTO
2026-04-03 23:03:09,1775257389,1HZ75V,4305.89,-1,1.2399999999997817,BACKFILL_AUTO
2026-04-03 23:03:10,1775257390,1HZ75V,4305.67,-1,0.22000000000025466,BACKFILL_AUTO
2026-04-03 23:03:11,1775257391,1HZ75V,4306.31,1,0.6400000000003274,BACKFILL_AUTO
2026-04-03 23:03:12,1775257392,1HZ75V,4305.63,-1,0.680000000000291,BACKFILL_AUTO
2026-04-03 23:03:13,1775257393,1HZ75V,4306.85,1,1.2200000000002547,BACKFILL_AUTO
2026-04-03 23:03:14,1775257394,1HZ75V,4307.04,1,0.18999999999959982,BACKFILL_AUTO
2026-04-03 23:03:15,1775257395,1HZ75V,4306.89,-1,0.1499999999996362,BACKFILL_AUTO
2026-04-03 23:03:16,1775257396,1HZ75V,4305.88,-1,1.0100000000002183,BACKFILL_AUTO
2026-04-03 23:03:17,1775257397,1HZ75V,4305.4,-1,0.48000000000047294,BACKFILL_AUTO
2026-04-03 23:03:18,1775257398,1HZ75V,4305.86,1,0.4600000000000364,BACKFILL_AUTO
2026-04-03 23:03:19,1775257399,1HZ75V,4305.26,-1,0.5999999999994543,BACKFILL_AUTO
2026-04-03 23:03:20,1775257400,1HZ75V,4305.11,-1,0.1500000000005457,BACKFILL_AUTO
2026-04-03 23:03:21,1775257401,1HZ75V,4304.76,-1,0.3499999999994543,BACKFILL_AUTO
2026-04-03 23:03:22,1775257402,1HZ75V,4303.9,-1,0.8600000000005821,BACKFILL_AUTO
2026-04-03 23:03:23,1775257403,1HZ75V,4304.47,1,0.5700000000006185,BACKFILL_AUTO
2026-04-03 23:03:24,1775257404,1HZ75V,4303.97,-1,0.5,BACKFILL_AUTO
2026-04-03 23:03:25,1775257405,1HZ75V,4303.2,-1,0.7700000000004366,BACKFILL_AUTO
2026-04-03 23:03:26,1775257406,1HZ75V,4303.52,1,0.32000000000061846,BACKFILL_AUTO
2026-04-03 23:03:27,1775257407,1HZ75V,4303.64,1,0.11999999999989086,BACKFILL_AUTO
2026-04-03 23:03:28,1775257408,1HZ75V,4303.61,-1,0.030000000000654836,BACKFILL_AUTO
2026-04-03 23:03:29,1775257409,1HZ75V,4303.95,1,0.3400000000001455,BACKFILL_AUTO
2026-04-03 23:03:30,1775257410,1HZ75V,4303.77,-1,0.17999999999938154,BACKFILL_AUTO
2026-04-03 23:03:31,1775257411,1HZ75V,4303.67,-1,0.1000000000003638,BACKFILL_AUTO
2026-04-03 23:03:32,1775257412,1HZ75V,4303.94,1,0.26999999999952706,BACKFILL_AUTO
2026-04-03 23:03:33,1775257413,1HZ75V,4304.55,1,0.6100000000005821,BACKFILL_AUTO
2026-04-03 23:03:34,1775257414,1HZ75V,4303.29,-1,1.2600000000002183,BACKFILL_AUTO
2026-04-03 23:03:35,1775257415,1HZ75V,4303.56,1,0.27000000000043656,BACKFILL_AUTO
2026-04-03 23:03:36,1775257416,1HZ75V,4303.97,1,0.4099999999998545,BACKFILL_AUTO
2026-04-03 23:03:37,1775257417,1HZ75V,4303.98,1,0.009999999999308784,BACKFILL_AUTO
2026-04-03 23:03:38,1775257418,1HZ75V,4303.19,-1,0.7899999999999636,BACKFILL_AUTO
2026-04-03 23:03:39,1775257419,1HZ75V,4302.78,-1,0.4099999999998545,BACKFILL_AUTO
2026-04-03 23:03:40,1775257420,1HZ75V,4302.81,1,0.030000000000654836,BACKFILL_AUTO
2026-04-03 23:03:41,1775257421,1HZ75V,4302.89,1,0.07999999999992724,BACKFILL_AUTO
2026-04-03 23:03:42,1775257422,1HZ75V,4302.64,-1,0.25,BACKFILL_AUTO
2026-04-03 23:03:43,1775257423,1HZ75V,4303.16,1,0.5199999999995271,BACKFILL_AUTO
2026-04-03 23:03:44,1775257424,1HZ75V,4302.43,-1,0.7299999999995634,BACKFILL_AUTO
2026-04-03 23:03:45,1775257425,1HZ75V,4303.42,1,0.9899999999997817,BACKFILL_AUTO
2026-04-03 23:03:46,1775257426,1HZ75V,4303.44,1,0.019999999999527063,BACKFILL_AUTO
2026-04-03 23:03:47,1775257427,1HZ75V,4303.72,1,0.28000000000065484,BACKFILL_AUTO
2026-04-03 23:03:48,1775257428,1HZ75V,4303.05,-1,0.6700000000000728,BACKFILL_AUTO
2026-04-03 23:03:49,1775257429,1HZ75V,4303.66,1,0.6099999999996726,BACKFILL_AUTO
2026-04-03 23:03:50,1775257430,1HZ75V,4304.29,1,0.6300000000001091,BACKFILL_AUTO
2026-04-03 23:03:51,1775257431,1HZ75V,4304.73,1,0.4399999999995998,BACKFILL_AUTO
2026-04-03 23:03:52,1775257432,1HZ75V,4304.16,-1,0.569999999999709,BACKFILL_AUTO
2026-04-03 23:03:53,1775257433,1HZ75V,4304.37,1,0.21000000000003638,BACKFILL_AUTO
2026-04-03 23:03:54,1775257434,1HZ75V,4303.72,-1,0.6499999999996362,BACKFILL_AUTO
2026-04-03 23:03:55,1775257435,1HZ75V,4303.34,-1,0.38000000000010914,BACKFILL_AUTO
2026-04-03 23:03:56,1775257436,1HZ75V,4302.44,-1,0.9000000000005457,BACKFILL_AUTO
2026-04-03 23:03:57,1775257437,1HZ75V,4301.95,-1,0.4899999999997817,BACKFILL_AUTO
2026-04-03 23:03:58,1775257438,1HZ75V,4301.76,-1,0.18999999999959982,BACKFILL_AUTO
2026-04-03 23:03:59,1775257439,1HZ75V,4301.15,-1,0.6100000000005821,BACKFILL_AUTO
2026-04-03 23:04:00,1775257440,1HZ75V,4301.92,1,0.7700000000004366,BACKFILL_AUTO
2026-04-03 23:04:01,1775257441,1HZ75V,4302.05,1,0.13000000000010914,BACKFILL_AUTO
2026-04-03 23:04:02,1775257442,1HZ75V,4302.84,1,0.7899999999999636,BACKFILL_AUTO
2026-04-03 23:04:03,1775257443,1HZ75V,4302.8,-1,0.03999999999996362,BACKFILL_AUTO
2026-04-03 23:04:04,1775257444,1HZ75V,4302.98,1,0.17999999999938154,BACKFILL_AUTO
2026-04-03 23:04:05,1775257445,1HZ75V,4302.98,0,0.0,BACKFILL_AUTO
2026-04-03 23:04:06,1775257446,1HZ75V,4303.66,1,0.680000000000291,BACKFILL_AUTO
2026-04-03 23:04:07,1775257447,1HZ75V,4302.88,-1,0.7799999999997453,BACKFILL_AUTO
2026-04-03 23:04:08,1775257448,1HZ75V,4303.1,1,0.22000000000025466,BACKFILL_AUTO
2026-04-03 23:04:09,1775257449,1HZ75V,4302.43,-1,0.6700000000000728,BACKFILL_AUTO
2026-04-03 23:04:10,1775257450,1HZ75V,4302.53,1,0.0999999999994543,BACKFILL_AUTO
2026-04-03 23:04:11,1775257451,1HZ75V,4302.18,-1,0.3499999999994543,BACKFILL_AUTO
2026-04-03 23:04:12,1775257452,1HZ75V,4302.09,-1,0.09000000000014552,BACKFILL_AUTO
2026-04-03 23:04:13,1775257453,1HZ75V,4302.08,-1,0.010000000000218279,BACKFILL_AUTO
2026-04-03 23:04:14,1775257454,1HZ75V,4302.63,1,0.5500000000001819,BACKFILL_AUTO
2026-04-03 23:04:15,1775257455,1HZ75V,4302.8,1,0.17000000000007276,BACKFILL_AUTO
2026-04-03 23:04:16,1775257456,1HZ75V,4302.79,-1,0.010000000000218279,BACKFILL_AUTO
2026-04-03 23:04:17,1775257457,1HZ75V,4302.97,1,0.18000000000029104,BACKFILL_AUTO
2026-04-03 23:04:18,1775257458,1HZ75V,4304.29,1,1.319999999999709,BACKFILL_AUTO
2026-04-03 23:04:19,1775257459,1HZ75V,4303.63,-1,0.6599999999998545,BACKFILL_AUTO
2026-04-03 23:04:20,1775257460,1HZ75V,4304.81,1,1.180000000000291,BACKFILL_AUTO
2026-04-03 23:04:21,1775257461,1HZ75V,4304.45,-1,0.3600000000005821,BACKFILL_AUTO
2026-04-03 23:04:22,1775257462,1HZ75V,4303.52,-1,0.9299999999993815,BACKFILL_AUTO
2026-04-03 23:04:23,1775257463,1HZ75V,4304.47,1,0.9499999999998181,BACKFILL_AUTO
2026-04-03 23:04:24,1775257464,1HZ75V,4304.5,1,0.02999999999974534,BACKFILL_AUTO
2026-04-03 23:04:25,1775257465,1HZ75V,4304.93,1,0.43000000000029104,BACKFILL_AUTO
2026-04-03 23:04:26,1775257466,1HZ75V,4305.83,1,0.8999999999996362,BACKFILL_AUTO
2026-04-03 23:04:27,1775257467,1HZ75V,4305.55,-1,0.27999999999974534,BACKFILL_AUTO
2026-04-03 23:04:28,1775257468,1HZ75V,4304.72,-1,0.8299999999999272,BACKFILL_AUTO
2026-04-03 23:04:29,1775257469,1HZ75V,4304.33,-1,0.3900000000003274,BACKFILL_AUTO
2026-04-03 23:04:30,1775257470,1HZ75V,4304.63,1,0.3000000000001819,BACKFILL_AUTO
2026-04-03 23:04:31,1775257471,1HZ75V,4304.2,-1,0.43000000000029104,BACKFILL_AUTO
2026-04-03 23:04:32,1775257472,1HZ75V,4304.6,1,0.4000000000005457,BACKFILL_AUTO
2026-04-03 23:04:33,1775257473,1HZ75V,4304.84,1,0.23999999999978172,BACKFILL_AUTO
2026-04-03 23:04:34,1775257474,1HZ75V,4305.17,1,0.32999999999992724,BACKFILL_AUTO
2026-04-03 23:04:35,1775257475,1HZ75V,4304.86,-1,0.3100000000004002,BACKFILL_AUTO
2026-04-03 23:04:36,1775257476,1HZ75V,4304.89,1,0.030000000000654836,BACKFILL_AUTO
2026-04-03 23:04:37,1775257477,1HZ75V,4304.47,-1,0.42000000000007276,BACKFILL_AUTO
2026-04-03 23:04:38,1775257478,1HZ75V,4304.83,1,0.3599999999996726,BACKFILL_AUTO
2026-04-03 23:04:39,1775257479,1HZ75V,4305.46,1,0.6300000000001091,BACKFILL_AUTO
2026-04-03 23:04:40,1775257480,1HZ75V,4306.19,1,0.7299999999995634,BACKFILL_AUTO
2026-04-03 23:04:41,1775257481,1HZ75V,4306.22,1,0.030000000000654836,BACKFILL_AUTO
2026-04-03 23:04:42,1775257482,1HZ75V,4307.12,1,0.8999999999996362,BACKFILL_AUTO
2026-04-03 23:04:43,1775257483,1HZ75V,4307.06,-1,0.05999999999949068,BACKFILL_AUTO
2026-04-03 23:04:44,1775257484,1HZ75V,4307.21,1,0.1499999999996362,BACKFILL_AUTO
2026-04-03 23:04:45,1775257485,1HZ75V,4307.28,1,0.06999999999970896,BACKFILL_AUTO
2026-04-03 23:04:46,1775257486,1HZ75V,4307.76,1,0.48000000000047294,BACKFILL_AUTO
2026-04-03 23:04:47,1775257487,1HZ75V,4307.95,1,0.18999999999959982,BACKFILL_AUTO
2026-04-03 23:04:48,1775257488,1HZ75V,4307.42,-1,0.5299999999997453,BACKFILL_AUTO
2026-04-03 23:04:49,1775257489,1HZ75V,4307.84,1,0.42000000000007276,BACKFILL_AUTO
2026-04-03 23:04:50,1775257490,1HZ75V,4307.55,-1,0.2899999999999636,BACKFILL_AUTO
2026-04-03 23:04:51,1775257491,1HZ75V,4308.07,1,0.5199999999995271,BACKFILL_AUTO
2026-04-03 23:04:52,1775257492,1HZ75V,4308.9,1,0.8299999999999272,BACKFILL_AUTO
2026-04-03 23:04:53,1775257493,1HZ75V,4309.44,1,0.5399999999999636,BACKFILL_AUTO
2026-04-03 23:04:54,1775257494,1HZ75V,4309.72,1,0.28000000000065484,BACKFILL_AUTO
2026-04-03 23:04:55,1775257495,1HZ75V,4309.87,1,0.1499999999996362,BACKFILL_AUTO
2026-04-03 23:04:56,1775257496,1HZ75V,4309.87,0,0.0,BACKFILL_AUTO
2026-04-03 23:04:57,1775257497,1HZ75V,4309.85,-1,0.019999999999527063,BACKFILL_AUTO
2026-04-03 23:04:58,1775257498,1HZ75V,4309.85,0,0.0,BACKFILL_AUTO
2026-04-03 23:04:59,1775257499,1HZ75V,4310.39,1,0.5399999999999636,BACKFILL_AUTO
2026-04-03 23:05:00,1775257500,1HZ75V,4310.32,-1,0.07000000000061846,BACKFILL_AUTO
2026-04-03 23:05:01,1775257501,1HZ75V,4310.79,1,0.47000000000025466,BACKFILL_AUTO
2026-04-03 23:05:02,1775257502,1HZ75V,4311.66,1,0.8699999999998909,BACKFILL_AUTO
2026-04-03 23:05:03,1775257503,1HZ75V,4311.81,1,0.1500000000005457,BACKFILL_AUTO
2026-04-03 23:05:04,1775257504,1HZ75V,4312.17,1,0.3599999999996726,BACKFILL_AUTO
2026-04-03 23:05:05,1775257505,1HZ75V,4312.89,1,0.7200000000002547,BACKFILL_AUTO
2026-04-03 23:05:06,1775257506,1HZ75V,4312.28,-1,0.6100000000005821,BACKFILL_AUTO
2026-04-03 23:05:07,1775257507,1HZ75V,4311.81,-1,0.46999999999934516,BACKFILL_AUTO
2026-04-03 23:05:08,1775257508,1HZ75V,4312.43,1,0.6199999999998909,BACKFILL_AUTO
2026-04-03 23:05:09,1775257509,1HZ75V,4312.38,-1,0.0500000000001819,BACKFILL_AUTO
2026-04-03 23:05:10,1775257510,1HZ75V,4312.8,1,0.42000000000007276,BACKFILL_AUTO
2026-04-03 23:05:11,1775257511,1HZ75V,4312.11,-1,0.6900000000005093,BACKFILL_AUTO
2026-04-03 23:05:12,1775257512,1HZ75V,4312.94,1,0.8299999999999272,BACKFILL_AUTO
2026-04-03 23:05:13,1775257513,1HZ75V,4313.03,1,0.09000000000014552,BACKFILL_AUTO
2026-04-03 23:05:14,1775257514,1HZ75V,4312.98,-1,0.0500000000001819,BACKFILL_AUTO
2026-04-03 23:05:15,1775257515,1HZ75V,4312.8,-1,0.17999999999938154,BACKFILL_AUTO
2026-04-03 23:05:16,1775257516,1HZ75V,4313.07,1,0.26999999999952706,BACKFILL_AUTO
2026-04-03 23:05:17,1775257517,1HZ75V,4313.3,1,0.23000000000047294,BACKFILL_AUTO
2026-04-03 23:05:18,1775257518,1HZ75V,4312.02,-1,1.2799999999997453,BACKFILL_AUTO
2026-04-03 23:05:19,1775257519,1HZ75V,4312.42,1,0.3999999999996362,BACKFILL_AUTO
2026-04-03 23:05:20,1775257520,1HZ75V,4312.37,-1,0.0500000000001819,BACKFILL_AUTO
2026-04-03 23:05:21,1775257521,1HZ75V,4311.96,-1,0.4099999999998545,BACKFILL_AUTO
2026-04-03 23:05:22,1775257522,1HZ75V,4311.56,-1,0.3999999999996362,BACKFILL_AUTO
2026-04-03 23:05:23,1775257523,1HZ75V,4310.2,-1,1.360000000000582,BACKFILL_AUTO
2026-04-03 23:05:24,1775257524,1HZ75V,4310.87,1,0.6700000000000728,BACKFILL_AUTO
2026-04-03 23:05:25,1775257525,1HZ75V,4309.93,-1,0.9399999999995998,BACKFILL_AUTO
2026-04-03 23:05:26,1775257526,1HZ75V,4309.52,-1,0.4099999999998545,BACKFILL_AUTO
2026-04-03 23:05:27,1775257527,1HZ75V,4309.85,1,0.32999999999992724,BACKFILL_AUTO
2026-04-03 23:05:28,1775257528,1HZ75V,4310.33,1,0.47999999999956344,BACKFILL_AUTO
2026-04-03 23:05:29,1775257529,1HZ75V,4309.79,-1,0.5399999999999636,BACKFILL_AUTO
2026-04-03 23:05:30,1775257530,1HZ75V,4309.39,-1,0.3999999999996362,BACKFILL_AUTO
2026-04-03 23:05:31,1775257531,1HZ75V,4309.89,1,0.5,BACKFILL_AUTO
2026-04-03 23:05:32,1775257532,1HZ75V,4309.01,-1,0.8800000000001091,BACKFILL_AUTO
2026-04-03 23:05:33,1775257533,1HZ75V,4309.22,1,0.21000000000003638,BACKFILL_AUTO
2026-04-03 23:05:34,1775257534,1HZ75V,4309.52,1,0.3000000000001819,BACKFILL_AUTO
2026-04-03 23:05:35,1775257535,1HZ75V,4310.44,1,0.9199999999991633,BACKFILL_AUTO
2026-04-03 23:05:36,1775257536,1HZ75V,4310.62,1,0.18000000000029104,BACKFILL_AUTO
2026-04-03 23:05:37,1775257537,1HZ75V,4309.95,-1,0.6700000000000728,BACKFILL_AUTO
2026-04-03 23:05:38,1775257538,1HZ75V,4309.52,-1,0.42999999999938154,BACKFILL_AUTO
2026-04-03 23:05:39,1775257539,1HZ75V,4307.77,-1,1.75,BACKFILL_AUTO
2026-04-03 23:05:40,1775257540,1HZ75V,4308.28,1,0.5099999999993088,BACKFILL_AUTO
2026-04-03 23:05:41,1775257541,1HZ75V,4309.88,1,1.6000000000003638,BACKFILL_AUTO
2026-04-03 23:05:42,1775257542,1HZ75V,4311.12,1,1.2399999999997817,BACKFILL_AUTO
2026-04-03 23:05:43,1775257543,1HZ75V,4311.39,1,0.27000000000043656,BACKFILL_AUTO
2026-04-03 23:05:44,1775257544,1HZ75V,4310.82,-1,0.5700000000006185,BACKFILL_AUTO
2026-04-03 23:05:45,1775257545,1HZ75V,4310.4,-1,0.42000000000007276,BACKFILL_AUTO
2026-04-03 23:05:46,1775257546,1HZ75V,4311.13,1,0.7300000000004729,BACKFILL_AUTO
2026-04-03 23:05:47,1775257547,1HZ75V,4312.23,1,1.0999999999994543,BACKFILL_AUTO
2026-04-03 23:05:48,1775257548,1HZ75V,4312.64,1,0.410000000000764,BACKFILL_AUTO
2026-04-03 23:05:49,1775257549,1HZ75V,4312.16,-1,0.48000000000047294,BACKFILL_AUTO
2026-04-03 23:05:50,1775257550,1HZ75V,4312.3,1,0.14000000000032742,BACKFILL_AUTO
2026-04-03 23:05:51,1775257551,1HZ75V,4311.31,-1,0.9899999999997817,BACKFILL_AUTO
2026-04-03 23:05:52,1775257552,1HZ75V,4312.33,1,1.019999999999527,BACKFILL_AUTO
2026-04-03 23:05:53,1775257553,1HZ75V,4311.81,-1,0.5199999999995271,BACKFILL_AUTO
2026-04-03 23:05:54,1775257554,1HZ75V,4312.72,1,0.9099999999998545,BACKFILL_AUTO
2026-04-03 23:05:55,1775257555,1HZ75V,4312.46,-1,0.2600000000002183,BACKFILL_AUTO
2026-04-03 23:05:56,1775257556,1HZ75V,4313.15,1,0.6899999999995998,BACKFILL_AUTO
2026-04-03 23:05:57,1775257557,1HZ75V,4313.76,1,0.6100000000005821,BACKFILL_AUTO
2026-04-03 23:05:58,1775257558,1HZ75V,4313.9,1,0.13999999999941792,BACKFILL_AUTO
2026-04-03 23:05:59,1775257559,1HZ75V,4313.81,-1,0.08999999999923602,BACKFILL_AUTO
2026-04-03 23:06:00,1775257560,1HZ75V,4315.0,1,1.1899999999995998,BACKFILL_AUTO
2026-04-03 23:06:01,1775257561,1HZ75V,4314.58,-1,0.42000000000007276,BACKFILL_AUTO
2026-04-03 23:06:02,1775257562,1HZ75V,4315.21,1,0.6300000000001091,BACKFILL_AUTO
2026-04-03 23:06:03,1775257563,1HZ75V,4315.65,1,0.4399999999995998,BACKFILL_AUTO
2026-04-03 23:06:04,1775257564,1HZ75V,4316.5,1,0.8500000000003638,BACKFILL_AUTO
2026-04-03 23:06:05,1775257565,1HZ75V,4316.9,1,0.3999999999996362,BACKFILL_AUTO
2026-04-03 23:06:06,1775257566,1HZ75V,4317.08,1,0.18000000000029104,BACKFILL_AUTO
2026-04-03 23:06:07,1775257567,1HZ75V,4317.4,1,0.31999999999970896,BACKFILL_AUTO
2026-04-03 23:06:08,1775257568,1HZ75V,4316.4,-1,1.0,BACKFILL_AUTO
2026-04-03 23:06:09,1775257569,1HZ75V,4316.41,1,0.010000000000218279,BACKFILL_AUTO
2026-04-03 23:06:10,1775257570,1HZ75V,4316.76,1,0.3500000000003638,BACKFILL_AUTO
2026-04-03 23:06:11,1775257571,1HZ75V,4316.61,-1,0.1500000000005457,BACKFILL_AUTO
2026-04-03 23:06:12,1775257572,1HZ75V,4315.52,-1,1.089999999999236,BACKFILL_AUTO
2026-04-03 23:06:13,1775257573,1HZ75V,4315.44,-1,0.08000000000083674,BACKFILL_AUTO
2026-04-03 23:06:14,1775257574,1HZ75V,4315.85,1,0.410000000000764,BACKFILL_AUTO
2026-04-03 23:06:15,1775257575,1HZ75V,4316.02,1,0.17000000000007276,BACKFILL_AUTO
2026-04-03 23:06:16,1775257576,1HZ75V,4316.98,1,0.9599999999991269,BACKFILL_AUTO
2026-04-03 23:06:17,1775257577,1HZ75V,4316.23,-1,0.75,BACKFILL_AUTO
2026-04-03 23:06:18,1775257578,1HZ75V,4316.08,-1,0.1499999999996362,BACKFILL_AUTO
2026-04-03 23:06:19,1775257579,1HZ75V,4316.8,1,0.7200000000002547,BACKFILL_AUTO
2026-04-03 23:06:20,1775257580,1HZ75V,4316.27,-1,0.5299999999997453,BACKFILL_AUTO
2026-04-03 23:06:21,1775257581,1HZ75V,4316.22,-1,0.0500000000001819,BACKFILL_AUTO
2026-04-03 23:06:22,1775257582,1HZ75V,4316.23,1,0.009999999999308784,BACKFILL_AUTO
2026-04-03 23:06:23,1775257583,1HZ75V,4315.42,-1,0.8099999999994907,BACKFILL_AUTO
2026-04-03 23:06:24,1775257584,1HZ75V,4317.8,1,2.380000000000109,BACKFILL_AUTO
2026-04-03 23:06:25,1775257585,1HZ75V,4318.52,1,0.7200000000002547,BACKFILL_AUTO
2026-04-03 23:06:26,1775257586,1HZ75V,4318.82,1,0.2999999999992724,BACKFILL_AUTO
2026-04-03 23:06:27,1775257587,1HZ75V,4318.09,-1,0.7299999999995634,BACKFILL_AUTO
2026-04-03 23:06:28,1775257588,1HZ75V,4318.8,1,0.7100000000000364,BACKFILL_AUTO
2026-04-03 23:06:29,1775257589,1HZ75V,4318.38,-1,0.42000000000007276,BACKFILL_AUTO
2026-04-03 23:06:30,1775257590,1HZ75V,4318.5,1,0.11999999999989086,BACKFILL_AUTO
2026-04-03 23:06:31,1775257591,1HZ75V,4318.19,-1,0.3100000000004002,BACKFILL_AUTO
2026-04-03 23:06:32,1775257592,1HZ75V,4318.18,-1,0.009999999999308784,BACKFILL_AUTO
2026-04-03 23:06:33,1775257593,1HZ75V,4318.04,-1,0.14000000000032742,BACKFILL_AUTO
2026-04-03 23:06:34,1775257594,1HZ75V,4319.57,1,1.5299999999997453,BACKFILL_AUTO
2026-04-03 23:06:35,1775257595,1HZ75V,4320.69,1,1.1199999999998909,BACKFILL_AUTO
2026-04-03 23:06:36,1775257596,1HZ75V,4319.68,-1,1.0099999999993088,BACKFILL_AUTO
2026-04-03 23:06:37,1775257597,1HZ75V,4319.48,-1,0.2000000000007276,BACKFILL_AUTO
2026-04-03 23:06:38,1775257598,1HZ75V,4319.76,1,0.28000000000065484,BACKFILL_AUTO
2026-04-03 23:06:39,1775257599,1HZ75V,4319.62,-1,0.14000000000032742,BACKFILL_AUTO
2026-04-03 23:06:40,1775257600,1HZ75V,4320.41,1,0.7899999999999636,BACKFILL_AUTO
2026-04-03 23:06:41,1775257601,1HZ75V,4319.69,-1,0.7200000000002547,BACKFILL_AUTO
2026-04-03 23:06:42,1775257602,1HZ75V,4320.08,1,0.3900000000003274,BACKFILL_AUTO
2026-04-03 23:06:43,1775257603,1HZ75V,4320.15,1,0.06999999999970896,BACKFILL_AUTO
2026-04-03 23:06:44,1775257604,1HZ75V,4319.56,-1,0.589999999999236,BACKFILL_AUTO
2026-04-03 23:06:45,1775257605,1HZ75V,4319.6,1,0.03999999999996362,BACKFILL_AUTO
2026-04-03 23:06:46,1775257606,1HZ75V,4319.74,1,0.13999999999941792,BACKFILL_AUTO
2026-04-03 23:06:47,1775257607,1HZ75V,4319.85,1,0.11000000000058208,BACKFILL_AUTO
2026-04-03 23:06:48,1775257608,1HZ75V,4320.18,1,0.32999999999992724,BACKFILL_AUTO
2026-04-03 23:06:49,1775257609,1HZ75V,4320.62,1,0.4399999999995998,BACKFILL_AUTO
2026-04-03 23:06:50,1775257610,1HZ75V,4320.47,-1,0.1499999999996362,BACKFILL_AUTO
2026-04-03 23:06:51,1775257611,1HZ75V,4320.11,-1,0.3600000000005821,BACKFILL_AUTO
2026-04-03 23:06:52,1775257612,1HZ75V,4319.82,-1,0.2899999999999636,BACKFILL_AUTO
2026-04-03 23:06:53,1775257613,1HZ75V,4319.93,1,0.11000000000058208,BACKFILL_AUTO
2026-04-03 23:06:54,1775257614,1HZ75V,4320.36,1,0.42999999999938154,BACKFILL_AUTO
2026-04-03 23:06:55,1775257615,1HZ75V,4320.87,1,0.5100000000002183,BACKFILL_AUTO
2026-04-03 23:06:56,1775257616,1HZ75V,4321.47,1,0.6000000000003638,BACKFILL_AUTO
2026-04-03 23:06:57,1775257617,1HZ75V,4321.78,1,0.3099999999994907,BACKFILL_AUTO
2026-04-03 23:06:58,1775257618,1HZ75V,4322.04,1,0.2600000000002183,BACKFILL_AUTO
2026-04-03 23:06:59,1775257619,1HZ75V,4321.0,-1,1.0399999999999636,BACKFILL_AUTO
2026-04-03 23:07:00,1775257620,1HZ75V,4321.32,1,0.31999999999970896,BACKFILL_AUTO
2026-04-03 23:07:01,1775257621,1HZ75V,4321.73,1,0.4099999999998545,BACKFILL_AUTO
2026-04-03 23:07:02,1775257622,1HZ75V,4320.23,-1,1.5,BACKFILL_AUTO
2026-04-03 23:07:03,1775257623,1HZ75V,4320.01,-1,0.21999999999934516,BACKFILL_AUTO
2026-04-03 23:07:04,1775257624,1HZ75V,4320.59,1,0.5799999999999272,BACKFILL_AUTO
2026-04-03 23:07:05,1775257625,1HZ75V,4319.88,-1,0.7100000000000364,BACKFILL_AUTO
2026-04-03 23:07:06,1775257626,1HZ75V,4320.22,1,0.3400000000001455,BACKFILL_AUTO
2026-04-03 23:07:07,1775257627,1HZ75V,4320.26,1,0.03999999999996362,BACKFILL_AUTO
2026-04-03 23:07:08,1775257628,1HZ75V,4321.88,1,1.6199999999998909,BACKFILL_AUTO
2026-04-03 23:07:09,1775257629,1HZ75V,4320.96,-1,0.9200000000000728,BACKFILL_AUTO
2026-04-03 23:07:10,1775257630,1HZ75V,4320.82,-1,0.14000000000032742,BACKFILL_AUTO
2026-04-03 23:07:11,1775257631,1HZ75V,4321.47,1,0.6500000000005457,BACKFILL_AUTO
2026-04-03 23:07:12,1775257632,1HZ75V,4321.98,1,0.5099999999993088,BACKFILL_AUTO
2026-04-03 23:07:13,1775257633,1HZ75V,4322.48,1,0.5,BACKFILL_AUTO
2026-04-03 23:07:14,1775257634,1HZ75V,4322.43,-1,0.049999999999272404,BACKFILL_AUTO
2026-04-03 23:07:15,1775257635,1HZ75V,4323.15,1,0.7199999999993452,BACKFILL_AUTO
2026-04-03 23:07:16,1775257636,1HZ75V,4324.18,1,1.0300000000006548,BACKFILL_AUTO
2026-04-03 23:07:17,1775257637,1HZ75V,4322.95,-1,1.230000000000473,BACKFILL_AUTO
2026-04-03 23:07:18,1775257638,1HZ75V,4323.07,1,0.11999999999989086,BACKFILL_AUTO
2026-04-03 23:07:19,1775257639,1HZ75V,4322.98,-1,0.09000000000014552,BACKFILL_AUTO
2026-04-03 23:07:20,1775257640,1HZ75V,4324.55,1,1.5700000000006185,BACKFILL_AUTO
2026-04-03 23:07:21,1775257641,1HZ75V,4323.74,-1,0.8100000000004002,BACKFILL_AUTO
2026-04-03 23:07:22,1775257642,1HZ75V,4323.55,-1,0.18999999999959982,BACKFILL_AUTO
2026-04-03 23:07:23,1775257643,1HZ75V,4323.42,-1,0.13000000000010914,BACKFILL_AUTO
2026-04-03 23:07:24,1775257644,1HZ75V,4322.92,-1,0.5,BACKFILL_AUTO
2026-04-03 23:07:25,1775257645,1HZ75V,4322.76,-1,0.15999999999985448,BACKFILL_AUTO
2026-04-03 23:07:26,1775257646,1HZ75V,4323.14,1,0.38000000000010914,BACKFILL_AUTO
2026-04-03 23:07:27,1775257647,1HZ75V,4322.27,-1,0.8699999999998909,BACKFILL_AUTO
2026-04-03 23:07:28,1775257648,1HZ75V,4322.36,1,0.08999999999923602,BACKFILL_AUTO
2026-04-03 23:07:29,1775257649,1HZ75V,4322.47,1,0.11000000000058208,BACKFILL_AUTO
2026-04-03 23:07:30,1775257650,1HZ75V,4323.29,1,0.819999999999709,BACKFILL_AUTO
2026-04-03 23:07:31,1775257651,1HZ75V,4322.2,-1,1.0900000000001455,BACKFILL_AUTO
2026-04-03 23:07:32,1775257652,1HZ75V,4322.46,1,0.2600000000002183,BACKFILL_AUTO
2026-04-03 23:07:33,1775257653,1HZ75V,4322.71,1,0.25,BACKFILL_AUTO
2026-04-03 23:07:34,1775257654,1HZ75V,4323.16,1,0.4499999999998181,BACKFILL_AUTO
2026-04-03 23:07:35,1775257655,1HZ75V,4323.73,1,0.569999999999709,BACKFILL_AUTO
2026-04-03 23:07:36,1775257656,1HZ75V,4323.53,-1,0.1999999999998181,BACKFILL_AUTO
2026-04-03 23:07:37,1775257657,1HZ75V,4323.96,1,0.43000000000029104,BACKFILL_AUTO
2026-04-03 23:07:38,1775257658,1HZ75V,4324.05,1,0.09000000000014552,BACKFILL_AUTO
2026-04-03 23:07:39,1775257659,1HZ75V,4323.55,-1,0.5,BACKFILL_AUTO
2026-04-03 23:07:40,1775257660,1HZ75V,4323.8,1,0.25,BACKFILL_AUTO
2026-04-03 23:07:41,1775257661,1HZ75V,4324.24,1,0.4399999999995998,BACKFILL_AUTO
2026-04-03 23:07:42,1775257662,1HZ75V,4324.92,1,0.680000000000291,BACKFILL_AUTO
2026-04-03 23:07:43,1775257663,1HZ75V,4324.0,-1,0.9200000000000728,BACKFILL_AUTO
2026-04-03 23:07:44,1775257664,1HZ75V,4323.9,-1,0.1000000000003638,BACKFILL_AUTO
2026-04-03 23:07:45,1775257665,1HZ75V,4324.1,1,0.2000000000007276,BACKFILL_AUTO
2026-04-03 23:07:46,1775257666,1HZ75V,4323.84,-1,0.2600000000002183,BACKFILL_AUTO
2026-04-03 23:07:47,1775257667,1HZ75V,4323.98,1,0.13999999999941792,BACKFILL_AUTO
2026-04-03 23:07:48,1775257668,1HZ75V,4324.2,1,0.22000000000025466,BACKFILL_AUTO
2026-04-03 23:07:49,1775257669,1HZ75V,4323.63,-1,0.569999999999709,BACKFILL_AUTO
2026-04-03 23:07:50,1775257670,1HZ75V,4323.26,-1,0.36999999999989086,BACKFILL_AUTO
2026-04-03 23:07:51,1775257671,1HZ75V,4323.28,1,0.019999999999527063,BACKFILL_AUTO
2026-04-03 23:07:52,1775257672,1HZ75V,4324.22,1,0.9400000000005093,BACKFILL_AUTO
2026-04-03 23:07:53,1775257673,1HZ75V,4325.02,1,0.8000000000001819,BACKFILL_AUTO
2026-04-03 23:07:54,1775257674,1HZ75V,4324.63,-1,0.3900000000003274,BACKFILL_AUTO
2026-04-03 23:07:55,1775257675,1HZ75V,4324.34,-1,0.2899999999999636,BACKFILL_AUTO
2026-04-03 23:07:56,1775257676,1HZ75V,4324.99,1,0.6499999999996362,BACKFILL_AUTO
2026-04-03 23:07:57,1775257677,1HZ75V,4325.49,1,0.5,BACKFILL_AUTO
2026-04-03 23:07:58,1775257678,1HZ75V,4325.6,1,0.11000000000058208,BACKFILL_AUTO
2026-04-03 23:07:59,1775257679,1HZ75V,4326.87,1,1.269999999999527,BACKFILL_AUTO
2026-04-03 23:08:00,1775257680,1HZ75V,4326.77,-1,0.0999999999994543,BACKFILL_AUTO
2026-04-03 23:08:01,1775257681,1HZ75V,4326.24,-1,0.5300000000006548,BACKFILL_AUTO
2026-04-03 23:08:02,1775257682,1HZ75V,4325.64,-1,0.5999999999994543,BACKFILL_AUTO
2026-04-03 23:08:03,1775257683,1HZ75V,4325.26,-1,0.38000000000010914,BACKFILL_AUTO
2026-04-03 23:08:04,1775257684,1HZ75V,4324.85,-1,0.4099999999998545,BACKFILL_AUTO
2026-04-03 23:08:05,1775257685,1HZ75V,4325.58,1,0.7299999999995634,BACKFILL_AUTO
2026-04-03 23:08:06,1775257686,1HZ75V,4325.66,1,0.07999999999992724,BACKFILL_AUTO
2026-04-03 23:08:07,1775257687,1HZ75V,4325.88,1,0.22000000000025466,BACKFILL_AUTO
2026-04-03 23:08:08,1775257688,1HZ75V,4326.04,1,0.15999999999985448,BACKFILL_AUTO
2026-04-03 23:08:09,1775257689,1HZ75V,4326.11,1,0.06999999999970896,BACKFILL_AUTO
2026-04-03 23:08:10,1775257690,1HZ75V,4326.13,1,0.020000000000436557,BACKFILL_AUTO
2026-04-03 23:08:11,1775257691,1HZ75V,4326.67,1,0.5399999999999636,BACKFILL_AUTO
2026-04-03 23:08:12,1775257692,1HZ75V,4326.82,1,0.1499999999996362,BACKFILL_AUTO
2026-04-03 23:08:13,1775257693,1HZ75V,4327.97,1,1.1500000000005457,BACKFILL_AUTO
2026-04-03 23:08:14,1775257694,1HZ75V,4328.71,1,0.7399999999997817,BACKFILL_AUTO
2026-04-03 23:08:15,1775257695,1HZ75V,4328.74,1,0.02999999999974534,BACKFILL_AUTO
2026-04-03 23:08:16,1775257696,1HZ75V,4329.32,1,0.5799999999999272,BACKFILL_AUTO
2026-04-03 23:08:17,1775257697,1HZ75V,4329.94,1,0.6199999999998909,BACKFILL_AUTO
2026-04-03 23:08:18,1775257698,1HZ75V,4329.34,-1,0.5999999999994543,BACKFILL_AUTO
2026-04-03 23:08:19,1775257699,1HZ75V,4329.22,-1,0.11999999999989086,BACKFILL_AUTO
2026-04-03 23:08:20,1775257700,1HZ75V,4328.79,-1,0.43000000000029104,BACKFILL_AUTO
2026-04-03 23:08:21,1775257701,1HZ75V,4329.01,1,0.22000000000025466,BACKFILL_AUTO
2026-04-03 23:08:22,1775257702,1HZ75V,4329.33,1,0.31999999999970896,BACKFILL_AUTO
2026-04-03 23:08:23,1775257703,1HZ75V,4329.21,-1,0.11999999999989086,BACKFILL_AUTO
2026-04-03 23:08:24,1775257704,1HZ75V,4329.91,1,0.6999999999998181,BACKFILL_AUTO
2026-04-03 23:08:25,1775257705,1HZ75V,4330.39,1,0.48000000000047294,BACKFILL_AUTO
2026-04-03 23:08:26,1775257706,1HZ75V,4330.71,1,0.31999999999970896,BACKFILL_AUTO
2026-04-03 23:08:27,1775257707,1HZ75V,4330.99,1,0.27999999999974534,BACKFILL_AUTO
2026-04-03 23:08:28,1775257708,1HZ75V,4330.82,-1,0.17000000000007276,BACKFILL_AUTO
2026-04-03 23:08:29,1775257709,1HZ75V,4330.04,-1,0.7799999999997453,BACKFILL_AUTO
2026-04-03 23:08:30,1775257710,1HZ75V,4330.25,1,0.21000000000003638,BACKFILL_AUTO
2026-04-03 23:08:31,1775257711,1HZ75V,4329.74,-1,0.5100000000002183,BACKFILL_AUTO
2026-04-03 23:08:32,1775257712,1HZ75V,4330.71,1,0.9700000000002547,BACKFILL_AUTO
2026-04-03 23:08:33,1775257713,1HZ75V,4330.22,-1,0.4899999999997817,BACKFILL_AUTO
2026-04-03 23:08:34,1775257714,1HZ75V,4329.71,-1,0.5100000000002183,BACKFILL_AUTO
2026-04-03 23:08:35,1775257715,1HZ75V,4329.33,-1,0.38000000000010914,BACKFILL_AUTO
2026-04-03 23:08:36,1775257716,1HZ75V,4329.92,1,0.5900000000001455,BACKFILL_AUTO
2026-04-03 23:08:37,1775257717,1HZ75V,4328.02,-1,1.8999999999996362,BACKFILL_AUTO
2026-04-03 23:08:38,1775257718,1HZ75V,4327.42,-1,0.6000000000003638,BACKFILL_AUTO
2026-04-03 23:08:39,1775257719,1HZ75V,4327.74,1,0.31999999999970896,BACKFILL_AUTO
2026-04-03 23:08:40,1775257720,1HZ75V,4327.83,1,0.09000000000014552,BACKFILL_AUTO
2026-04-03 23:08:41,1775257721,1HZ75V,4327.77,-1,0.05999999999949068,BACKFILL_AUTO
2026-04-03 23:08:42,1775257722,1HZ75V,4328.38,1,0.6099999999996726,BACKFILL_AUTO
2026-04-03 23:08:43,1775257723,1HZ75V,4328.13,-1,0.25,BACKFILL_AUTO
2026-04-03 23:08:44,1775257724,1HZ75V,4328.74,1,0.6099999999996726,BACKFILL_AUTO
2026-04-03 23:08:45,1775257725,1HZ75V,4328.99,1,0.25,BACKFILL_AUTO
2026-04-03 23:08:46,1775257726,1HZ75V,4328.67,-1,0.31999999999970896,BACKFILL_AUTO
2026-04-03 23:08:47,1775257727,1HZ75V,4328.47,-1,0.1999999999998181,BACKFILL_AUTO
2026-04-03 23:08:48,1775257728,1HZ75V,4327.44,-1,1.0300000000006548,BACKFILL_AUTO
2026-04-03 23:08:49,1775257729,1HZ75V,4328.08,1,0.6400000000003274,BACKFILL_AUTO
2026-04-03 23:08:50,1775257730,1HZ75V,4327.75,-1,0.32999999999992724,BACKFILL_AUTO
2026-04-03 23:08:51,1775257731,1HZ75V,4327.45,-1,0.3000000000001819,BACKFILL_AUTO
2026-04-03 23:08:52,1775257732,1HZ75V,4327.1,-1,0.3499999999994543,BACKFILL_AUTO
2026-04-03 23:08:53,1775257733,1HZ75V,4326.73,-1,0.37000000000080036,BACKFILL_AUTO
2026-04-03 23:08:54,1775257734,1HZ75V,4328.19,1,1.4600000000000364,BACKFILL_AUTO
2026-04-03 23:08:55,1775257735,1HZ75V,4327.61,-1,0.5799999999999272,BACKFILL_AUTO
2026-04-03 23:08:56,1775257736,1HZ75V,4327.08,-1,0.5299999999997453,BACKFILL_AUTO
2026-04-03 23:08:57,1775257737,1HZ75V,4326.84,-1,0.23999999999978172,BACKFILL_AUTO
2026-04-03 23:08:58,1775257738,1HZ75V,4326.89,1,0.0500000000001819,BACKFILL_AUTO
2026-04-03 23:08:59,1775257739,1HZ75V,4326.46,-1,0.43000000000029104,BACKFILL_AUTO
2026-04-03 23:09:00,1775257740,1HZ75V,4326.43,-1,0.02999999999974534,BACKFILL_AUTO
2026-04-03 23:09:01,1775257741,1HZ75V,4325.52,-1,0.9099999999998545,BACKFILL_AUTO
2026-04-03 23:09:02,1775257742,1HZ75V,4325.76,1,0.23999999999978172,BACKFILL_AUTO
2026-04-03 23:09:03,1775257743,1HZ75V,4325.58,-1,0.18000000000029104,BACKFILL_AUTO
2026-04-03 23:09:04,1775257744,1HZ75V,4326.01,1,0.43000000000029104,BACKFILL_AUTO
2026-04-03 23:09:05,1775257745,1HZ75V,4325.63,-1,0.38000000000010914,BACKFILL_AUTO
2026-04-03 23:09:06,1775257746,1HZ75V,4325.47,-1,0.15999999999985448,BACKFILL_AUTO
2026-04-03 23:09:07,1775257747,1HZ75V,4326.55,1,1.0799999999999272,BACKFILL_AUTO
2026-04-03 23:09:08,1775257748,1HZ75V,4326.77,1,0.22000000000025466,BACKFILL_AUTO
2026-04-03 23:09:09,1775257749,1HZ75V,4326.85,1,0.07999999999992724,BACKFILL_AUTO
2026-04-03 23:09:10,1775257750,1HZ75V,4325.9,-1,0.9500000000007276,BACKFILL_AUTO
2026-04-03 23:09:11,1775257751,1HZ75V,4326.78,1,0.8800000000001091,BACKFILL_AUTO
2026-04-03 23:09:12,1775257752,1HZ75V,4325.84,-1,0.9399999999995998,BACKFILL_AUTO
2026-04-03 23:09:13,1775257753,1HZ75V,4325.45,-1,0.3900000000003274,BACKFILL_AUTO
2026-04-03 23:09:14,1775257754,1HZ75V,4324.09,-1,1.3599999999996726,BACKFILL_AUTO
2026-04-03 23:09:15,1775257755,1HZ75V,4323.69,-1,0.4000000000005457,BACKFILL_AUTO
2026-04-03 23:09:16,1775257756,1HZ75V,4324.24,1,0.5500000000001819,BACKFILL_AUTO
2026-04-03 23:09:17,1775257757,1HZ75V,4322.98,-1,1.2600000000002183,BACKFILL_AUTO
2026-04-03 23:09:18,1775257758,1HZ75V,4323.12,1,0.14000000000032742,BACKFILL_AUTO
2026-04-03 23:09:19,1775257759,1HZ75V,4322.31,-1,0.8099999999994907,BACKFILL_AUTO
2026-04-03 23:09:20,1775257760,1HZ75V,4321.7,-1,0.6100000000005821,BACKFILL_AUTO
2026-04-03 23:09:21,1775257761,1HZ75V,4320.83,-1,0.8699999999998909,BACKFILL_AUTO
2026-04-03 23:09:22,1775257762,1HZ75V,4321.51,1,0.680000000000291,BACKFILL_AUTO
2026-04-03 23:09:23,1775257763,1HZ75V,4321.79,1,0.27999999999974534,BACKFILL_AUTO
2026-04-03 23:09:24,1775257764,1HZ75V,4321.64,-1,0.1499999999996362,BACKFILL_AUTO
2026-04-03 23:09:25,1775257765,1HZ75V,4321.68,1,0.03999999999996362,BACKFILL_AUTO
2026-04-03 23:09:26,1775257766,1HZ75V,4322.36,1,0.6799999999993815,BACKFILL_AUTO
2026-04-03 23:09:27,1775257767,1HZ75V,4323.06,1,0.7000000000007276,BACKFILL_AUTO
2026-04-03 23:09:28,1775257768,1HZ75V,4323.68,1,0.6199999999998909,BACKFILL_AUTO
2026-04-03 23:09:29,1775257769,1HZ75V,4323.5,-1,0.18000000000029104,BACKFILL_AUTO
2026-04-03 23:09:30,1775257770,1HZ75V,4323.17,-1,0.32999999999992724,BACKFILL_AUTO
2026-04-03 23:09:31,1775257771,1HZ75V,4322.89,-1,0.27999999999974534,BACKFILL_AUTO
2026-04-03 23:09:32,1775257772,1HZ75V,4322.39,-1,0.5,BACKFILL_AUTO
2026-04-03 23:09:33,1775257773,1HZ75V,4322.48,1,0.08999999999923602,BACKFILL_AUTO
2026-04-03 23:09:34,1775257774,1HZ75V,4322.32,-1,0.15999999999985448,BACKFILL_AUTO
2026-04-03 23:09:35,1775257775,1HZ75V,4322.28,-1,0.03999999999996362,BACKFILL_AUTO
2026-04-03 23:09:36,1775257776,1HZ75V,4323.14,1,0.8600000000005821,BACKFILL_AUTO
2026-04-03 23:09:37,1775257777,1HZ75V,4323.1,-1,0.03999999999996362,BACKFILL_AUTO
2026-04-03 23:09:38,1775257778,1HZ75V,4324.14,1,1.0399999999999636,BACKFILL_AUTO
2026-04-03 23:09:39,1775257779,1HZ75V,4324.6,1,0.4600000000000364,BACKFILL_AUTO
2026-04-03 23:09:40,1775257780,1HZ75V,4325.93,1,1.3299999999999272,BACKFILL_AUTO
2026-04-03 23:09:41,1775257781,1HZ75V,4327.23,1,1.2999999999992724,BACKFILL_AUTO
2026-04-03 23:09:42,1775257782,1HZ75V,4326.74,-1,0.4899999999997817,BACKFILL_AUTO
2026-04-03 23:09:43,1775257783,1HZ75V,4326.68,-1,0.05999999999949068,BACKFILL_AUTO
2026-04-03 23:09:44,1775257784,1HZ75V,4326.64,-1,0.03999999999996362,BACKFILL_AUTO
2026-04-03 23:09:45,1775257785,1HZ75V,4326.46,-1,0.18000000000029104,BACKFILL_AUTO
2026-04-03 23:09:46,1775257786,1HZ75V,4325.77,-1,0.6899999999995998,BACKFILL_AUTO
2026-04-03 23:09:47,1775257787,1HZ75V,4325.68,-1,0.09000000000014552,BACKFILL_AUTO
2026-04-03 23:09:48,1775257788,1HZ75V,4325.92,1,0.23999999999978172,BACKFILL_AUTO
2026-04-03 23:09:49,1775257789,1HZ75V,4325.66,-1,0.2600000000002183,BACKFILL_AUTO
2026-04-03 23:09:50,1775257790,1HZ75V,4325.58,-1,0.07999999999992724,BACKFILL_AUTO
2026-04-03 23:09:51,1775257791,1HZ75V,4325.19,-1,0.3900000000003274,BACKFILL_AUTO
2026-04-03 23:09:52,1775257792,1HZ75V,4325.71,1,0.5200000000004366,BACKFILL_AUTO
2026-04-03 23:09:53,1775257793,1HZ75V,4326.24,1,0.5299999999997453,BACKFILL_AUTO
2026-04-03 23:09:54,1775257794,1HZ75V,4326.43,1,0.19000000000050932,BACKFILL_AUTO
2026-04-03 23:09:55,1775257795,1HZ75V,4326.32,-1,0.11000000000058208,BACKFILL_AUTO
2026-04-03 23:09:56,1775257796,1HZ75V,4327.05,1,0.7300000000004729,BACKFILL_AUTO
2026-04-03 23:09:57,1775257797,1HZ75V,4326.64,-1,0.4099999999998545,BACKFILL_AUTO
2026-04-03 23:09:58,1775257798,1HZ75V,4326.81,1,0.17000000000007276,BACKFILL_AUTO
2026-04-03 23:09:59,1775257799,1HZ75V,4326.95,1,0.13999999999941792,BACKFILL_AUTO
2026-04-03 23:10:00,1775257800,1HZ75V,4326.24,-1,0.7100000000000364,BACKFILL_AUTO
2026-04-03 23:10:01,1775257801,1HZ75V,4325.91,-1,0.32999999999992724,BACKFILL_AUTO
2026-04-03 23:10:02,1775257802,1HZ75V,4325.23,-1,0.680000000000291,BACKFILL_AUTO
2026-04-03 23:10:03,1775257803,1HZ75V,4325.11,-1,0.11999999999989086,BACKFILL_AUTO
2026-04-03 23:10:04,1775257804,1HZ75V,4325.13,1,0.020000000000436557,BACKFILL_AUTO
2026-04-03 23:10:05,1775257805,1HZ75V,4325.58,1,0.4499999999998181,BACKFILL_AUTO
2026-04-03 23:10:06,1775257806,1HZ75V,4324.73,-1,0.8500000000003638,BACKFILL_AUTO
2026-04-03 23:10:07,1775257807,1HZ75V,4324.29,-1,0.4399999999995998,BACKFILL_AUTO
2026-04-03 23:10:08,1775257808,1HZ75V,4323.89,-1,0.3999999999996362,BACKFILL_AUTO
2026-04-03 23:10:09,1775257809,1HZ75V,4324.39,1,0.5,BACKFILL_AUTO
2026-04-03 23:10:10,1775257810,1HZ75V,4324.81,1,0.42000000000007276,BACKFILL_AUTO
2026-04-03 23:10:11,1775257811,1HZ75V,4325.1,1,0.2899999999999636,BACKFILL_AUTO
2026-04-03 23:10:12,1775257812,1HZ75V,4324.5,-1,0.6000000000003638,BACKFILL_AUTO
2026-04-03 23:10:13,1775257813,1HZ75V,4324.76,1,0.2600000000002183,BACKFILL_AUTO
2026-04-03 23:10:14,1775257814,1HZ75V,4324.85,1,0.09000000000014552,BACKFILL_AUTO
2026-04-03 23:10:15,1775257815,1HZ75V,4324.68,-1,0.17000000000007276,BACKFILL_AUTO
2026-04-03 23:10:16,1775257816,1HZ75V,4324.72,1,0.03999999999996362,BACKFILL_AUTO
2026-04-03 23:10:17,1775257817,1HZ75V,4324.22,-1,0.5,BACKFILL_AUTO
2026-04-03 23:10:18,1775257818,1HZ75V,4323.94,-1,0.28000000000065484,BACKFILL_AUTO
2026-04-03 23:10:19,1775257819,1HZ75V,4322.26,-1,1.6799999999993815,BACKFILL_AUTO
2026-04-03 23:10:20,1775257820,1HZ75V,4322.6,1,0.3400000000001455,BACKFILL_AUTO
2026-04-03 23:10:21,1775257821,1HZ75V,4322.6,0,0.0,BACKFILL_AUTO
2026-04-03 23:10:22,1775257822,1HZ75V,4322.71,1,0.10999999999967258,BACKFILL_AUTO
2026-04-03 23:10:23,1775257823,1HZ75V,4322.96,1,0.25,BACKFILL_AUTO
2026-04-03 23:10:24,1775257824,1HZ75V,4323.9,1,0.9399999999995998,BACKFILL_AUTO
2026-04-03 23:10:25,1775257825,1HZ75V,4324.09,1,0.19000000000050932,BACKFILL_AUTO
2026-04-03 23:10:26,1775257826,1HZ75V,4324.0,-1,0.09000000000014552,BACKFILL_AUTO
2026-04-03 23:10:27,1775257827,1HZ75V,4324.72,1,0.7200000000002547,BACKFILL_AUTO
2026-04-03 23:10:28,1775257828,1HZ75V,4325.32,1,0.5999999999994543,BACKFILL_AUTO
2026-04-03 23:10:29,1775257829,1HZ75V,4325.25,-1,0.06999999999970896,BACKFILL_AUTO
2026-04-03 23:10:30,1775257830,1HZ75V,4324.22,-1,1.0299999999997453,BACKFILL_AUTO
2026-04-03 23:10:31,1775257831,1HZ75V,4324.26,1,0.03999999999996362,BACKFILL_AUTO
2026-04-03 23:10:32,1775257832,1HZ75V,4324.57,1,0.3099999999994907,BACKFILL_AUTO
2026-04-03 23:10:33,1775257833,1HZ75V,4323.99,-1,0.5799999999999272,BACKFILL_AUTO
2026-04-03 23:10:34,1775257834,1HZ75V,4323.86,-1,0.13000000000010914,BACKFILL_AUTO
2026-04-03 23:10:35,1775257835,1HZ75V,4322.73,-1,1.1300000000001091,BACKFILL_AUTO
2026-04-03 23:10:36,1775257836,1HZ75V,4322.55,-1,0.17999999999938154,BACKFILL_AUTO
2026-04-03 23:10:37,1775257837,1HZ75V,4322.35,-1,0.1999999999998181,BACKFILL_AUTO
2026-04-03 23:10:38,1775257838,1HZ75V,4322.01,-1,0.3400000000001455,BACKFILL_AUTO
2026-04-03 23:10:39,1775257839,1HZ75V,4322.26,1,0.25,BACKFILL_AUTO
2026-04-03 23:10:40,1775257840,1HZ75V,4323.3,1,1.0399999999999636,BACKFILL_AUTO
2026-04-03 23:10:41,1775257841,1HZ75V,4322.85,-1,0.4499999999998181,BACKFILL_AUTO
2026-04-03 23:10:42,1775257842,1HZ75V,4322.88,1,0.02999999999974534,BACKFILL_AUTO
2026-04-03 23:10:43,1775257843,1HZ75V,4323.05,1,0.17000000000007276,BACKFILL_AUTO
2026-04-03 23:10:44,1775257844,1HZ75V,4322.5,-1,0.5500000000001819,BACKFILL_AUTO
2026-04-03 23:10:45,1775257845,1HZ75V,4322.14,-1,0.3599999999996726,BACKFILL_AUTO
2026-04-03 23:10:46,1775257846,1HZ75V,4321.02,-1,1.1199999999998909,BACKFILL_AUTO
2026-04-03 23:10:47,1775257847,1HZ75V,4321.02,0,0.0,BACKFILL_AUTO
2026-04-03 23:10:48,1775257848,1HZ75V,4320.91,-1,0.11000000000058208,BACKFILL_AUTO
2026-04-03 23:10:49,1775257849,1HZ75V,4320.68,-1,0.22999999999956344,BACKFILL_AUTO
2026-04-03 23:10:50,1775257850,1HZ75V,4322.1,1,1.4200000000000728,BACKFILL_AUTO
2026-04-03 23:10:51,1775257851,1HZ75V,4321.61,-1,0.4900000000006912,BACKFILL_AUTO
2026-04-03 23:10:52,1775257852,1HZ75V,4321.07,-1,0.5399999999999636,BACKFILL_AUTO
2026-04-03 23:10:53,1775257853,1HZ75V,4321.69,1,0.6199999999998909,BACKFILL_AUTO
2026-04-03 23:10:54,1775257854,1HZ75V,4322.1,1,0.410000000000764,BACKFILL_AUTO
2026-04-03 23:10:55,1775257855,1HZ75V,4322.15,1,0.049999999999272404,BACKFILL_AUTO
2026-04-03 23:10:56,1775257856,1HZ75V,4322.55,1,0.4000000000005457,BACKFILL_AUTO
2026-04-03 23:10:57,1775257857,1HZ75V,4322.45,-1,0.1000000000003638,BACKFILL_AUTO
2026-04-03 23:10:58,1775257858,1HZ75V,4321.86,-1,0.5900000000001455,BACKFILL_AUTO
2026-04-03 23:10:59,1775257859,1HZ75V,4321.32,-1,0.5399999999999636,BACKFILL_AUTO
2026-04-03 23:11:00,1775257860,1HZ75V,4321.2,-1,0.11999999999989086,BACKFILL_AUTO
2026-04-03 23:11:01,1775257861,1HZ75V,4321.44,1,0.23999999999978172,BACKFILL_AUTO
2026-04-03 23:11:02,1775257862,1HZ75V,4321.97,1,0.5300000000006548,BACKFILL_AUTO
2026-04-03 23:11:03,1775257863,1HZ75V,4322.29,1,0.31999999999970896,BACKFILL_AUTO
2026-04-03 23:11:04,1775257864,1HZ75V,4322.53,1,0.23999999999978172,BACKFILL_AUTO
2026-04-03 23:11:05,1775257865,1HZ75V,4322.51,-1,0.019999999999527063,BACKFILL_AUTO
2026-04-03 23:11:06,1775257866,1HZ75V,4322.38,-1,0.13000000000010914,BACKFILL_AUTO
2026-04-03 23:11:07,1775257867,1HZ75V,4321.77,-1,0.6099999999996726,BACKFILL_AUTO
2026-04-03 23:11:08,1775257868,1HZ75V,4321.24,-1,0.5300000000006548,BACKFILL_AUTO
2026-04-03 23:11:09,1775257869,1HZ75V,4320.43,-1,0.8099999999994907,BACKFILL_AUTO
2026-04-03 23:11:10,1775257870,1HZ75V,4321.14,1,0.7100000000000364,BACKFILL_AUTO
2026-04-03 23:11:11,1775257871,1HZ75V,4321.12,-1,0.020000000000436557,BACKFILL_AUTO
2026-04-03 23:11:12,1775257872,1HZ75V,4321.1,-1,0.019999999999527063,BACKFILL_AUTO
2026-04-03 23:11:13,1775257873,1HZ75V,4321.1,0,0.0,BACKFILL_AUTO
2026-04-03 23:11:14,1775257874,1HZ75V,4321.34,1,0.23999999999978172,BACKFILL_AUTO
2026-04-03 23:11:15,1775257875,1HZ75V,4321.06,-1,0.27999999999974534,BACKFILL_AUTO
2026-04-03 23:11:16,1775257876,1HZ75V,4320.66,-1,0.4000000000005457,BACKFILL_AUTO
2026-04-03 23:11:17,1775257877,1HZ75V,4321.22,1,0.5600000000004002,BACKFILL_AUTO
2026-04-03 23:11:18,1775257878,1HZ75V,4321.9,1,0.6799999999993815,BACKFILL_AUTO
2026-04-03 23:11:19,1775257879,1HZ75V,4321.9,0,0.0,BACKFILL_AUTO
2026-04-03 23:11:20,1775257880,1HZ75V,4322.52,1,0.6200000000008004,BACKFILL_AUTO
2026-04-03 23:11:21,1775257881,1HZ75V,4321.78,-1,0.7400000000006912,BACKFILL_AUTO
2026-04-03 23:11:22,1775257882,1HZ75V,4321.82,1,0.03999999999996362,BACKFILL_AUTO
2026-04-03 23:11:23,1775257883,1HZ75V,4322.12,1,0.3000000000001819,BACKFILL_AUTO
2026-04-03 23:11:24,1775257884,1HZ75V,4322.09,-1,0.02999999999974534,BACKFILL_AUTO
2026-04-03 23:11:25,1775257885,1HZ75V,4321.23,-1,0.8600000000005821,BACKFILL_AUTO
2026-04-03 23:11:26,1775257886,1HZ75V,4321.11,-1,0.11999999999989086,BACKFILL_AUTO
2026-04-03 23:11:27,1775257887,1HZ75V,4320.98,-1,0.13000000000010914,BACKFILL_AUTO
2026-04-03 23:11:28,1775257888,1HZ75V,4320.84,-1,0.13999999999941792,BACKFILL_AUTO
2026-04-03 23:11:29,1775257889,1HZ75V,4320.34,-1,0.5,BACKFILL_AUTO
2026-04-03 23:11:30,1775257890,1HZ75V,4320.29,-1,0.0500000000001819,BACKFILL_AUTO
2026-04-03 23:11:31,1775257891,1HZ75V,4321.18,1,0.8900000000003274,BACKFILL_AUTO
2026-04-03 23:11:32,1775257892,1HZ75V,4320.86,-1,0.32000000000061846,BACKFILL_AUTO
2026-04-03 23:11:33,1775257893,1HZ75V,4320.67,-1,0.18999999999959982,BACKFILL_AUTO
2026-04-03 23:11:34,1775257894,1HZ75V,4320.06,-1,0.6099999999996726,BACKFILL_AUTO
2026-04-03 23:11:35,1775257895,1HZ75V,4320.18,1,0.11999999999989086,BACKFILL_AUTO
2026-04-03 23:11:36,1775257896,1HZ75V,4319.93,-1,0.25,BACKFILL_AUTO
2026-04-03 23:11:37,1775257897,1HZ75V,4320.04,1,0.10999999999967258,BACKFILL_AUTO
2026-04-03 23:11:38,1775257898,1HZ75V,4320.36,1,0.31999999999970896,BACKFILL_AUTO
2026-04-03 23:11:39,1775257899,1HZ75V,4321.27,1,0.910000000000764,BACKFILL_AUTO
2026-04-03 23:11:40,1775257900,1HZ75V,4321.01,-1,0.2600000000002183,BACKFILL_AUTO
2026-04-03 23:11:41,1775257901,1HZ75V,4320.96,-1,0.0500000000001819,BACKFILL_AUTO
2026-04-03 23:11:42,1775257902,1HZ75V,4321.11,1,0.1499999999996362,BACKFILL_AUTO
2026-04-03 23:11:43,1775257903,1HZ75V,4321.14,1,0.030000000000654836,BACKFILL_AUTO
2026-04-03 23:11:44,1775257904,1HZ75V,4321.04,-1,0.1000000000003638,BACKFILL_AUTO
2026-04-03 23:11:45,1775257905,1HZ75V,4321.65,1,0.6099999999996726,BACKFILL_AUTO
2026-04-03 23:11:46,1775257906,1HZ75V,4321.49,-1,0.15999999999985448,BACKFILL_AUTO
2026-04-03 23:11:47,1775257907,1HZ75V,4321.46,-1,0.02999999999974534,BACKFILL_AUTO
2026-04-03 23:11:48,1775257908,1HZ75V,4320.11,-1,1.3500000000003638,BACKFILL_AUTO
2026-04-03 23:11:49,1775257909,1HZ75V,4320.59,1,0.48000000000047294,BACKFILL_AUTO
2026-04-03 23:11:50,1775257910,1HZ75V,4321.15,1,0.5599999999994907,BACKFILL_AUTO
2026-04-03 23:11:51,1775257911,1HZ75V,4320.28,-1,0.8699999999998909,BACKFILL_AUTO
2026-04-03 23:11:52,1775257912,1HZ75V,4320.19,-1,0.09000000000014552,BACKFILL_AUTO
2026-04-03 23:11:53,1775257913,1HZ75V,4320.51,1,0.32000000000061846,BACKFILL_AUTO
2026-04-03 23:11:54,1775257914,1HZ75V,4319.84,-1,0.6700000000000728,BACKFILL_AUTO
2026-04-03 23:11:55,1775257915,1HZ75V,4320.29,1,0.4499999999998181,BACKFILL_AUTO
2026-04-03 23:11:56,1775257916,1HZ75V,4320.38,1,0.09000000000014552,BACKFILL_AUTO
2026-04-03 23:11:57,1775257917,1HZ75V,4320.67,1,0.2899999999999636,BACKFILL_AUTO
2026-04-03 23:11:58,1775257918,1HZ75V,4321.45,1,0.7799999999997453,BACKFILL_AUTO
2026-04-03 23:11:59,1775257919,1HZ75V,4323.02,1,1.5700000000006185,BACKFILL_AUTO
2026-04-03 23:12:00,1775257920,1HZ75V,4323.5,1,0.47999999999956344,BACKFILL_AUTO
2026-04-03 23:12:01,1775257921,1HZ75V,4323.07,-1,0.43000000000029104,BACKFILL_AUTO
2026-04-03 23:12:02,1775257922,1HZ75V,4322.96,-1,0.10999999999967258,BACKFILL_AUTO
2026-04-03 23:12:03,1775257923,1HZ75V,4322.7,-1,0.2600000000002183,BACKFILL_AUTO
2026-04-03 23:12:04,1775257924,1HZ75V,4323.43,1,0.7300000000004729,BACKFILL_AUTO
2026-04-03 23:12:05,1775257925,1HZ75V,4324.07,1,0.6399999999994179,BACKFILL_AUTO
2026-04-03 23:12:06,1775257926,1HZ75V,4325.17,1,1.1000000000003638,BACKFILL_AUTO
2026-04-03 23:12:07,1775257927,1HZ75V,4325.52,1,0.3500000000003638,BACKFILL_AUTO
2026-04-03 23:12:08,1775257928,1HZ75V,4325.98,1,0.4599999999991269,BACKFILL_AUTO
2026-04-03 23:12:09,1775257929,1HZ75V,4326.27,1,0.2900000000008731,BACKFILL_AUTO
2026-04-03 23:12:10,1775257930,1HZ75V,4326.39,1,0.11999999999989086,BACKFILL_AUTO
2026-04-03 23:12:11,1775257931,1HZ75V,4327.11,1,0.7199999999993452,BACKFILL_AUTO
2026-04-03 23:12:12,1775257932,1HZ75V,4327.07,-1,0.03999999999996362,BACKFILL_AUTO
2026-04-03 23:12:13,1775257933,1HZ75V,4326.94,-1,0.13000000000010914,BACKFILL_AUTO
2026-04-03 23:12:14,1775257934,1HZ75V,4326.15,-1,0.7899999999999636,BACKFILL_AUTO
2026-04-03 23:12:15,1775257935,1HZ75V,4326.02,-1,0.12999999999919964,BACKFILL_AUTO
2026-04-03 23:12:16,1775257936,1HZ75V,4325.69,-1,0.33000000000083674,BACKFILL_AUTO
2026-04-03 23:12:17,1775257937,1HZ75V,4325.92,1,0.23000000000047294,BACKFILL_AUTO
2026-04-03 23:12:18,1775257938,1HZ75V,4325.99,1,0.06999999999970896,BACKFILL_AUTO
2026-04-03 23:12:19,1775257939,1HZ75V,4325.6,-1,0.3899999999994179,BACKFILL_AUTO
2026-04-03 23:12:20,1775257940,1HZ75V,4326.15,1,0.5499999999992724,BACKFILL_AUTO
2026-04-03 23:12:21,1775257941,1HZ75V,4325.8,-1,0.3499999999994543,BACKFILL_AUTO
2026-04-03 23:12:22,1775257942,1HZ75V,4325.5,-1,0.3000000000001819,BACKFILL_AUTO
2026-04-03 23:12:23,1775257943,1HZ75V,4325.91,1,0.4099999999998545,BACKFILL_AUTO
2026-04-03 23:12:24,1775257944,1HZ75V,4326.61,1,0.6999999999998181,BACKFILL_AUTO
2026-04-03 23:12:25,1775257945,1HZ75V,4326.53,-1,0.07999999999992724,BACKFILL_AUTO
2026-04-03 23:12:26,1775257946,1HZ75V,4327.19,1,0.6599999999998545,BACKFILL_AUTO
2026-04-03 23:12:27,1775257947,1HZ75V,4326.62,-1,0.569999999999709,BACKFILL_AUTO
2026-04-03 23:12:28,1775257948,1HZ75V,4326.76,1,0.14000000000032742,BACKFILL_AUTO
2026-04-03 23:12:29,1775257949,1HZ75V,4326.12,-1,0.6400000000003274,BACKFILL_AUTO
2026-04-03 23:12:30,1775257950,1HZ75V,4326.17,1,0.0500000000001819,BACKFILL_AUTO
2026-04-03 23:12:31,1775257951,1HZ75V,4326.22,1,0.0500000000001819,BACKFILL_AUTO
2026-04-03 23:12:32,1775257952,1HZ75V,4325.71,-1,0.5100000000002183,BACKFILL_AUTO
2026-04-03 23:12:33,1775257953,1HZ75V,4325.37,-1,0.3400000000001455,BACKFILL_AUTO
2026-04-03 23:12:34,1775257954,1HZ75V,4324.7,-1,0.6700000000000728,BACKFILL_AUTO
2026-04-03 23:12:35,1775257955,1HZ75V,4324.13,-1,0.569999999999709,BACKFILL_AUTO
2026-04-03 23:12:36,1775257956,1HZ75V,4324.67,1,0.5399999999999636,BACKFILL_AUTO
2026-04-03 23:12:37,1775257957,1HZ75V,4324.97,1,0.3000000000001819,BACKFILL_AUTO
2026-04-03 23:12:38,1775257958,1HZ75V,4325.37,1,0.3999999999996362,BACKFILL_AUTO
2026-04-03 23:12:39,1775257959,1HZ75V,4324.83,-1,0.5399999999999636,BACKFILL_AUTO
2026-04-03 23:12:40,1775257960,1HZ75V,4325.31,1,0.48000000000047294,BACKFILL_AUTO
2026-04-03 23:12:41,1775257961,1HZ75V,4324.6,-1,0.7100000000000364,BACKFILL_AUTO
2026-04-03 23:12:42,1775257962,1HZ75V,4325.31,1,0.7100000000000364,BACKFILL_AUTO
2026-04-03 23:12:43,1775257963,1HZ75V,4324.24,-1,1.0700000000006185,BACKFILL_AUTO
2026-04-03 23:12:44,1775257964,1HZ75V,4323.54,-1,0.6999999999998181,BACKFILL_AUTO
2026-04-03 23:12:45,1775257965,1HZ75V,4324.18,1,0.6400000000003274,BACKFILL_AUTO
2026-04-03 23:12:46,1775257966,1HZ75V,4324.59,1,0.4099999999998545,BACKFILL_AUTO
2026-04-03 23:12:47,1775257967,1HZ75V,4324.36,-1,0.23000000000047294,BACKFILL_AUTO
2026-04-03 23:12:48,1775257968,1HZ75V,4324.6,1,0.24000000000069122,BACKFILL_AUTO
2026-04-03 23:12:49,1775257969,1HZ75V,4324.02,-1,0.5799999999999272,BACKFILL_AUTO
2026-04-03 23:12:50,1775257970,1HZ75V,4323.98,-1,0.040000000000873115,BACKFILL_AUTO
2026-04-03 23:12:51,1775257971,1HZ75V,4324.46,1,0.48000000000047294,BACKFILL_AUTO
2026-04-03 23:12:52,1775257972,1HZ75V,4324.95,1,0.4899999999997817,BACKFILL_AUTO
2026-04-03 23:12:53,1775257973,1HZ75V,4326.28,1,1.3299999999999272,BACKFILL_AUTO
2026-04-03 23:12:54,1775257974,1HZ75V,4326.47,1,0.19000000000050932,BACKFILL_AUTO
2026-04-03 23:12:55,1775257975,1HZ75V,4325.52,-1,0.9499999999998181,BACKFILL_AUTO
2026-04-03 23:12:56,1775257976,1HZ75V,4326.38,1,0.8599999999996726,BACKFILL_AUTO
2026-04-03 23:12:57,1775257977,1HZ75V,4326.95,1,0.569999999999709,BACKFILL_AUTO
2026-04-03 23:12:58,1775257978,1HZ75V,4327.27,1,0.32000000000061846,BACKFILL_AUTO
2026-04-03 23:12:59,1775257979,1HZ75V,4327.3,1,0.02999999999974534,BACKFILL_AUTO
2026-04-03 23:13:00,1775257980,1HZ75V,4327.09,-1,0.21000000000003638,BACKFILL_AUTO
2026-04-03 23:13:01,1775257981,1HZ75V,4326.64,-1,0.4499999999998181,BACKFILL_AUTO
2026-04-03 23:13:02,1775257982,1HZ75V,4326.87,1,0.22999999999956344,BACKFILL_AUTO
2026-04-03 23:13:03,1775257983,1HZ75V,4326.7,-1,0.17000000000007276,BACKFILL_AUTO
2026-04-03 23:13:04,1775257984,1HZ75V,4325.69,-1,1.0100000000002183,BACKFILL_AUTO
2026-04-03 23:13:05,1775257985,1HZ75V,4325.63,-1,0.05999999999949068,BACKFILL_AUTO
2026-04-03 23:13:06,1775257986,1HZ75V,4325.29,-1,0.3400000000001455,BACKFILL_AUTO
2026-04-03 23:13:07,1775257987,1HZ75V,4325.97,1,0.680000000000291,BACKFILL_AUTO
2026-04-03 23:13:08,1775257988,1HZ75V,4325.18,-1,0.7899999999999636,BACKFILL_AUTO
2026-04-03 23:13:09,1775257989,1HZ75V,4324.43,-1,0.75,BACKFILL_AUTO
2026-04-03 23:13:10,1775257990,1HZ75V,4323.8,-1,0.6300000000001091,BACKFILL_AUTO
2026-04-03 23:13:11,1775257991,1HZ75V,4323.94,1,0.13999999999941792,BACKFILL_AUTO
2026-04-03 23:13:12,1775257992,1HZ75V,4321.97,-1,1.9699999999993452,BACKFILL_AUTO
2026-04-03 23:13:13,1775257993,1HZ75V,4321.72,-1,0.25,BACKFILL_AUTO
2026-04-03 23:13:14,1775257994,1HZ75V,4322.36,1,0.6399999999994179,BACKFILL_AUTO
2026-04-03 23:13:15,1775257995,1HZ75V,4323.06,1,0.7000000000007276,BACKFILL_AUTO
2026-04-03 23:13:16,1775257996,1HZ75V,4323.03,-1,0.030000000000654836,BACKFILL_AUTO
2026-04-03 23:13:17,1775257997,1HZ75V,4322.78,-1,0.25,BACKFILL_AUTO
2026-04-03 23:13:18,1775257998,1HZ75V,4323.12,1,0.3400000000001455,BACKFILL_AUTO
2026-04-03 23:13:19,1775257999,1HZ75V,4322.93,-1,0.18999999999959982,BACKFILL_AUTO
2026-04-03 23:13:20,1775258000,1HZ75V,4322.72,-1,0.21000000000003638,BACKFILL_AUTO
2026-04-03 23:13:21,1775258001,1HZ75V,4322.06,-1,0.6599999999998545,BACKFILL_AUTO
2026-04-03 23:13:22,1775258002,1HZ75V,4322.9,1,0.839999999999236,BACKFILL_AUTO
2026-04-03 23:13:23,1775258003,1HZ75V,4323.4,1,0.5,BACKFILL_AUTO
2026-04-03 23:13:24,1775258004,1HZ75V,4323.89,1,0.4900000000006912,BACKFILL_AUTO
2026-04-03 23:13:25,1775258005,1HZ75V,4323.81,-1,0.07999999999992724,BACKFILL_AUTO
2026-04-03 23:13:26,1775258006,1HZ75V,4323.46,-1,0.3500000000003638,BACKFILL_AUTO
2026-04-03 23:13:27,1775258007,1HZ75V,4323.0,-1,0.4600000000000364,BACKFILL_AUTO
2026-04-03 23:13:28,1775258008,1HZ75V,4322.9,-1,0.1000000000003638,BACKFILL_AUTO
2026-04-03 23:13:29,1775258009,1HZ75V,4323.68,1,0.7800000000006548,BACKFILL_AUTO
2026-04-03 23:13:30,1775258010,1HZ75V,4324.48,1,0.7999999999992724,BACKFILL_AUTO
2026-04-03 23:13:31,1775258011,1HZ75V,4324.4,-1,0.07999999999992724,BACKFILL_AUTO
2026-04-03 23:13:32,1775258012,1HZ75V,4324.44,1,0.03999999999996362,BACKFILL_AUTO
2026-04-03 23:13:33,1775258013,1HZ75V,4324.34,-1,0.0999999999994543,BACKFILL_AUTO
2026-04-03 23:13:34,1775258014,1HZ75V,4325.01,1,0.6700000000000728,BACKFILL_AUTO
2026-04-03 23:13:35,1775258015,1HZ75V,4325.36,1,0.3499999999994543,BACKFILL_AUTO
2026-04-03 23:13:36,1775258016,1HZ75V,4325.3,-1,0.05999999999949068,BACKFILL_AUTO
2026-04-03 23:13:37,1775258017,1HZ75V,4323.8,-1,1.5,BACKFILL_AUTO
2026-04-03 23:13:38,1775258018,1HZ75V,4323.32,-1,0.48000000000047294,BACKFILL_AUTO
2026-04-03 23:13:39,1775258019,1HZ75V,4323.34,1,0.020000000000436557,BACKFILL_AUTO
2026-04-03 23:13:40,1775258020,1HZ75V,4323.63,1,0.2899999999999636,BACKFILL_AUTO
2026-04-03 23:13:41,1775258021,1HZ75V,4324.1,1,0.47000000000025466,BACKFILL_AUTO
2026-04-03 23:13:42,1775258022,1HZ75V,4323.65,-1,0.4500000000007276,BACKFILL_AUTO
2026-04-03 23:13:43,1775258023,1HZ75V,4323.35,-1,0.2999999999992724,BACKFILL_AUTO
2026-04-03 23:13:44,1775258024,1HZ75V,4323.39,1,0.03999999999996362,BACKFILL_AUTO
2026-04-03 23:13:45,1775258025,1HZ75V,4322.81,-1,0.5799999999999272,BACKFILL_AUTO
2026-04-03 23:13:46,1775258026,1HZ75V,4322.94,1,0.12999999999919964,BACKFILL_AUTO
2026-04-03 23:13:47,1775258027,1HZ75V,4323.25,1,0.3100000000004002,BACKFILL_AUTO
2026-04-03 23:13:48,1775258028,1HZ75V,4323.37,1,0.11999999999989086,BACKFILL_AUTO
2026-04-03 23:13:49,1775258029,1HZ75V,4323.43,1,0.06000000000040018,BACKFILL_AUTO
2026-04-03 23:13:50,1775258030,1HZ75V,4324.53,1,1.0999999999994543,BACKFILL_AUTO
2026-04-03 23:13:51,1775258031,1HZ75V,4324.48,-1,0.0500000000001819,BACKFILL_AUTO
2026-04-03 23:13:52,1775258032,1HZ75V,4323.83,-1,0.6499999999996362,BACKFILL_AUTO
2026-04-03 23:13:53,1775258033,1HZ75V,4322.95,-1,0.8800000000001091,BACKFILL_AUTO
2026-04-03 23:13:54,1775258034,1HZ75V,4322.52,-1,0.42999999999938154,BACKFILL_AUTO
2026-04-03 23:13:55,1775258035,1HZ75V,4322.85,1,0.32999999999992724,BACKFILL_AUTO
2026-04-03 23:13:56,1775258036,1HZ75V,4323.17,1,0.31999999999970896,BACKFILL_AUTO
2026-04-03 23:13:57,1775258037,1HZ75V,4323.84,1,0.6700000000000728,BACKFILL_AUTO
2026-04-03 23:13:58,1775258038,1HZ75V,4324.37,1,0.5299999999997453,BACKFILL_AUTO
2026-04-03 23:13:59,1775258039,1HZ75V,4324.65,1,0.27999999999974534,BACKFILL_AUTO
2026-04-03 23:14:00,1775258040,1HZ75V,4324.56,-1,0.08999999999923602,BACKFILL_AUTO
2026-04-03 23:14:01,1775258041,1HZ75V,4324.11,-1,0.4500000000007276,BACKFILL_AUTO
2026-04-03 23:14:02,1775258042,1HZ75V,4324.04,-1,0.06999999999970896,BACKFILL_AUTO
2026-04-03 23:14:03,1775258043,1HZ75V,4323.97,-1,0.06999999999970896,BACKFILL_AUTO
2026-04-03 23:14:04,1775258044,1HZ75V,4325.16,1,1.1899999999995998,BACKFILL_AUTO
2026-04-03 23:14:05,1775258045,1HZ75V,4324.65,-1,0.5100000000002183,BACKFILL_AUTO
2026-04-03 23:14:06,1775258046,1HZ75V,4324.76,1,0.11000000000058208,BACKFILL_AUTO
2026-04-03 23:14:07,1775258047,1HZ75V,4324.34,-1,0.42000000000007276,BACKFILL_AUTO
2026-04-03 23:14:08,1775258048,1HZ75V,4324.18,-1,0.15999999999985448,BACKFILL_AUTO
2026-04-03 23:14:09,1775258049,1HZ75V,4324.99,1,0.8099999999994907,BACKFILL_AUTO
2026-04-03 23:14:10,1775258050,1HZ75V,4324.36,-1,0.6300000000001091,BACKFILL_AUTO
2026-04-03 23:14:11,1775258051,1HZ75V,4324.37,1,0.010000000000218279,BACKFILL_AUTO
2026-04-03 23:14:12,1775258052,1HZ75V,4323.6,-1,0.7699999999995271,BACKFILL_AUTO
2026-04-03 23:14:13,1775258053,1HZ75V,4323.6,0,0.0,BACKFILL_AUTO
2026-04-03 23:14:14,1775258054,1HZ75V,4323.82,1,0.21999999999934516,BACKFILL_AUTO
2026-04-03 23:14:15,1775258055,1HZ75V,4323.88,1,0.06000000000040018,BACKFILL_AUTO
2026-04-03 23:14:16,1775258056,1HZ75V,4323.84,-1,0.03999999999996362,BACKFILL_AUTO
2026-04-03 23:14:17,1775258057,1HZ75V,4325.91,1,2.069999999999709,BACKFILL_AUTO
2026-04-03 23:14:18,1775258058,1HZ75V,4325.78,-1,0.13000000000010914,BACKFILL_AUTO
2026-04-03 23:14:19,1775258059,1HZ75V,4325.38,-1,0.3999999999996362,BACKFILL_AUTO
2026-04-03 23:14:20,1775258060,1HZ75V,4325.0,-1,0.38000000000010914,BACKFILL_AUTO
2026-04-03 23:14:21,1775258061,1HZ75V,4324.99,-1,0.010000000000218279,BACKFILL_AUTO
2026-04-03 23:14:22,1775258062,1HZ75V,4324.83,-1,0.15999999999985448,BACKFILL_AUTO
2026-04-03 23:14:23,1775258063,1HZ75V,4326.09,1,1.2600000000002183,BACKFILL_AUTO
2026-04-03 23:14:24,1775258064,1HZ75V,4326.54,1,0.4499999999998181,BACKFILL_AUTO
2026-04-03 23:14:25,1775258065,1HZ75V,4327.3,1,0.7600000000002183,BACKFILL_AUTO
2026-04-03 23:14:26,1775258066,1HZ75V,4327.21,-1,0.09000000000014552,BACKFILL_AUTO
2026-04-03 23:14:27,1775258067,1HZ75V,4326.64,-1,0.569999999999709,BACKFILL_AUTO
2026-04-03 23:14:28,1775258068,1HZ75V,4326.25,-1,0.3900000000003274,BACKFILL_AUTO
2026-04-03 23:14:29,1775258069,1HZ75V,4325.98,-1,0.27000000000043656,BACKFILL_AUTO
2026-04-03 23:14:30,1775258070,1HZ75V,4325.4,-1,0.5799999999999272,BACKFILL_AUTO
2026-04-03 23:14:31,1775258071,1HZ75V,4326.22,1,0.8200000000006185,BACKFILL_AUTO
2026-04-03 23:14:32,1775258072,1HZ75V,4326.16,-1,0.06000000000040018,BACKFILL_AUTO
2026-04-03 23:14:33,1775258073,1HZ75V,4326.79,1,0.6300000000001091,BACKFILL_AUTO
2026-04-03 23:14:34,1775258074,1HZ75V,4326.04,-1,0.75,BACKFILL_AUTO
2026-04-03 23:14:35,1775258075,1HZ75V,4326.03,-1,0.010000000000218279,BACKFILL_AUTO
2026-04-03 23:14:36,1775258076,1HZ75V,4325.52,-1,0.5099999999993088,BACKFILL_AUTO
2026-04-03 23:14:37,1775258077,1HZ75V,4325.43,-1,0.09000000000014552,BACKFILL_AUTO
2026-04-03 23:14:38,1775258078,1HZ75V,4325.7,1,0.26999999999952706,BACKFILL_AUTO
2026-04-03 23:14:39,1775258079,1HZ75V,4324.64,-1,1.0599999999994907,BACKFILL_AUTO
2026-04-03 23:14:40,1775258080,1HZ75V,4324.96,1,0.31999999999970896,BACKFILL_AUTO
2026-04-03 23:14:41,1775258081,1HZ75V,4324.62,-1,0.3400000000001455,BACKFILL_AUTO
2026-04-03 23:14:42,1775258082,1HZ75V,4324.58,-1,0.03999999999996362,BACKFILL_AUTO
2026-04-03 23:14:43,1775258083,1HZ75V,4324.88,1,0.3000000000001819,BACKFILL_AUTO
2026-04-03 23:14:44,1775258084,1HZ75V,4324.84,-1,0.03999999999996362,BACKFILL_AUTO
2026-04-03 23:14:45,1775258085,1HZ75V,4325.88,1,1.0399999999999636,BACKFILL_AUTO
2026-04-03 23:14:46,1775258086,1HZ75V,4326.71,1,0.8299999999999272,BACKFILL_AUTO
2026-04-03 23:14:47,1775258087,1HZ75V,4326.71,0,0.0,BACKFILL_AUTO
2026-04-03 23:14:48,1775258088,1HZ75V,4326.6,-1,0.10999999999967258,BACKFILL_AUTO
2026-04-03 23:14:49,1775258089,1HZ75V,4326.28,-1,0.32000000000061846,BACKFILL_AUTO
2026-04-03 23:14:50,1775258090,1HZ75V,4326.99,1,0.7100000000000364,BACKFILL_AUTO
2026-04-03 23:14:51,1775258091,1HZ75V,4327.19,1,0.1999999999998181,BACKFILL_AUTO
2026-04-03 23:14:52,1775258092,1HZ75V,4327.5,1,0.3100000000004002,BACKFILL_AUTO
2026-04-03 23:14:53,1775258093,1HZ75V,4327.65,1,0.1499999999996362,BACKFILL_AUTO
2026-04-03 23:14:54,1775258094,1HZ75V,4327.58,-1,0.06999999999970896,BACKFILL_AUTO
2026-04-03 23:14:55,1775258095,1HZ75V,4327.4,-1,0.18000000000029104,BACKFILL_AUTO
2026-04-03 23:14:56,1775258096,1HZ75V,4328.05,1,0.6500000000005457,BACKFILL_AUTO
2026-04-03 23:14:57,1775258097,1HZ75V,4329.44,1,1.389999999999418,BACKFILL_AUTO
2026-04-03 23:14:58,1775258098,1HZ75V,4329.11,-1,0.32999999999992724,BACKFILL_AUTO
2026-04-03 23:14:59,1775258099,1HZ75V,4329.23,1,0.11999999999989086,BACKFILL_AUTO
2026-04-03 23:15:00,1775258100,1HZ75V,4328.57,-1,0.6599999999998545,BACKFILL_AUTO
2026-04-03 23:15:01,1775258101,1HZ75V,4328.74,1,0.17000000000007276,BACKFILL_AUTO
2026-04-03 23:15:02,1775258102,1HZ75V,4328.67,-1,0.06999999999970896,BACKFILL_AUTO
2026-04-03 23:15:03,1775258103,1HZ75V,4328.34,-1,0.32999999999992724,BACKFILL_AUTO
2026-04-03 23:15:04,1775258104,1HZ75V,4328.78,1,0.4399999999995998,BACKFILL_AUTO
2026-04-03 23:15:05,1775258105,1HZ75V,4329.36,1,0.5799999999999272,BACKFILL_AUTO
2026-04-03 23:15:06,1775258106,1HZ75V,4329.28,-1,0.07999999999992724,BACKFILL_AUTO
2026-04-03 23:15:07,1775258107,1HZ75V,4329.28,0,0.0,BACKFILL_AUTO
2026-04-03 23:15:08,1775258108,1HZ75V,4329.95,1,0.6700000000000728,BACKFILL_AUTO
2026-04-03 23:15:09,1775258109,1HZ75V,4331.03,1,1.0799999999999272,BACKFILL_AUTO
2026-04-03 23:15:10,1775258110,1HZ75V,4331.16,1,0.13000000000010914,BACKFILL_AUTO
2026-04-03 23:15:11,1775258111,1HZ75V,4331.47,1,0.3100000000004002,BACKFILL_AUTO
2026-04-03 23:15:12,1775258112,1HZ75V,4331.3,-1,0.17000000000007276,BACKFILL_AUTO
2026-04-03 23:15:13,1775258113,1HZ75V,4331.52,1,0.22000000000025466,BACKFILL_AUTO
2026-04-03 23:15:14,1775258114,1HZ75V,4330.8,-1,0.7200000000002547,BACKFILL_AUTO
2026-04-03 23:15:15,1775258115,1HZ75V,4331.34,1,0.5399999999999636,BACKFILL_AUTO
2026-04-03 23:15:16,1775258116,1HZ75V,4331.67,1,0.32999999999992724,BACKFILL_AUTO
2026-04-03 23:15:17,1775258117,1HZ75V,4331.74,1,0.06999999999970896,BACKFILL_AUTO
2026-04-03 23:15:18,1775258118,1HZ75V,4332.14,1,0.4000000000005457,BACKFILL_AUTO
2026-04-03 23:15:19,1775258119,1HZ75V,4332.57,1,0.42999999999938154,BACKFILL_AUTO
2026-04-03 23:15:20,1775258120,1HZ75V,4331.62,-1,0.9499999999998181,BACKFILL_AUTO
2026-04-03 23:15:21,1775258121,1HZ75V,4330.98,-1,0.6400000000003274,BACKFILL_AUTO
2026-04-03 23:15:22,1775258122,1HZ75V,4331.23,1,0.25,BACKFILL_AUTO
2026-04-03 23:15:23,1775258123,1HZ75V,4331.91,1,0.680000000000291,BACKFILL_AUTO
2026-04-03 23:15:24,1775258124,1HZ75V,4331.13,-1,0.7799999999997453,BACKFILL_AUTO
2026-04-03 23:15:25,1775258125,1HZ75V,4332.01,1,0.8800000000001091,BACKFILL_AUTO
2026-04-03 23:15:26,1775258126,1HZ75V,4332.71,1,0.6999999999998181,BACKFILL_AUTO
2026-04-03 23:15:27,1775258127,1HZ75V,4332.78,1,0.06999999999970896,BACKFILL_AUTO
2026-04-03 23:15:28,1775258128,1HZ75V,4332.92,1,0.14000000000032742,BACKFILL_AUTO
2026-04-03 23:15:29,1775258129,1HZ75V,4332.29,-1,0.6300000000001091,BACKFILL_AUTO
2026-04-03 23:15:30,1775258130,1HZ75V,4331.49,-1,0.8000000000001819,BACKFILL_AUTO
2026-04-03 23:15:31,1775258131,1HZ75V,4331.39,-1,0.0999999999994543,BACKFILL_AUTO
2026-04-03 23:15:32,1775258132,1HZ75V,4330.79,-1,0.6000000000003638,BACKFILL_AUTO
2026-04-03 23:15:33,1775258133,1HZ75V,4330.03,-1,0.7600000000002183,BACKFILL_AUTO
2026-04-03 23:15:34,1775258134,1HZ75V,4330.26,1,0.23000000000047294,BACKFILL_AUTO
2026-04-03 23:15:35,1775258135,1HZ75V,4329.39,-1,0.8699999999998909,BACKFILL_AUTO
2026-04-03 23:15:36,1775258136,1HZ75V,4328.79,-1,0.6000000000003638,BACKFILL_AUTO
2026-04-03 23:15:37,1775258137,1HZ75V,4328.1,-1,0.6899999999995998,BACKFILL_AUTO
2026-04-03 23:15:38,1775258138,1HZ75V,4327.87,-1,0.23000000000047294,BACKFILL_AUTO
2026-04-03 23:15:39,1775258139,1HZ75V,4328.78,1,0.9099999999998545,BACKFILL_AUTO
2026-04-03 23:15:40,1775258140,1HZ75V,4328.61,-1,0.17000000000007276,BACKFILL_AUTO
2026-04-03 23:15:41,1775258141,1HZ75V,4328.0,-1,0.6099999999996726,BACKFILL_AUTO
2026-04-03 23:15:42,1775258142,1HZ75V,4328.22,1,0.22000000000025466,BACKFILL_AUTO
2026-04-03 23:15:43,1775258143,1HZ75V,4327.79,-1,0.43000000000029104,BACKFILL_AUTO
2026-04-03 23:15:44,1775258144,1HZ75V,4327.64,-1,0.1499999999996362,BACKFILL_AUTO
2026-04-03 23:15:45,1775258145,1HZ75V,4327.78,1,0.13999999999941792,BACKFILL_AUTO
2026-04-03 23:15:46,1775258146,1HZ75V,4327.7,-1,0.07999999999992724,BACKFILL_AUTO
2026-04-03 23:15:47,1775258147,1HZ75V,4327.58,-1,0.11999999999989086,BACKFILL_AUTO
2026-04-03 23:15:48,1775258148,1HZ75V,4328.11,1,0.5299999999997453,BACKFILL_AUTO
2026-04-03 23:15:49,1775258149,1HZ75V,4328.3,1,0.19000000000050932,BACKFILL_AUTO
2026-04-03 23:15:50,1775258150,1HZ75V,4329.23,1,0.9299999999993815,BACKFILL_AUTO
2026-04-03 23:15:51,1775258151,1HZ75V,4329.32,1,0.09000000000014552,BACKFILL_AUTO
2026-04-03 23:15:52,1775258152,1HZ75V,4329.51,1,0.19000000000050932,BACKFILL_AUTO
2026-04-03 23:15:53,1775258153,1HZ75V,4330.22,1,0.7100000000000364,BACKFILL_AUTO
2026-04-03 23:15:54,1775258154,1HZ75V,4330.61,1,0.3899999999994179,BACKFILL_AUTO
2026-04-03 23:15:55,1775258155,1HZ75V,4331.07,1,0.4600000000000364,BACKFILL_AUTO
2026-04-03 23:15:56,1775258156,1HZ75V,4331.3,1,0.23000000000047294,BACKFILL_AUTO
2026-04-03 23:15:57,1775258157,1HZ75V,4331.49,1,0.18999999999959982,BACKFILL_AUTO
2026-04-03 23:15:58,1775258158,1HZ75V,4331.87,1,0.38000000000010914,BACKFILL_AUTO
2026-04-03 23:15:59,1775258159,1HZ75V,4331.47,-1,0.3999999999996362,BACKFILL_AUTO
2026-04-03 23:16:00,1775258160,1HZ75V,4331.6,1,0.13000000000010914,BACKFILL_AUTO
2026-04-03 23:16:01,1775258161,1HZ75V,4331.83,1,0.22999999999956344,BACKFILL_AUTO
2026-04-03 23:16:02,1775258162,1HZ75V,4331.03,-1,0.8000000000001819,BACKFILL_AUTO
2026-04-03 23:16:03,1775258163,1HZ75V,4331.67,1,0.6400000000003274,BACKFILL_AUTO
2026-04-03 23:16:04,1775258164,1HZ75V,4331.83,1,0.15999999999985448,BACKFILL_AUTO
2026-04-03 23:16:05,1775258165,1HZ75V,4332.93,1,1.1000000000003638,BACKFILL_AUTO
2026-04-03 23:16:06,1775258166,1HZ75V,4331.84,-1,1.0900000000001455,BACKFILL_AUTO
2026-04-03 23:16:07,1775258167,1HZ75V,4331.07,-1,0.7700000000004366,BACKFILL_AUTO
2026-04-03 23:16:08,1775258168,1HZ75V,4331.76,1,0.6900000000005093,BACKFILL_AUTO
2026-04-03 23:16:09,1775258169,1HZ75V,4331.9,1,0.13999999999941792,BACKFILL_AUTO
2026-04-03 23:16:10,1775258170,1HZ75V,4332.42,1,0.5200000000004366,BACKFILL_AUTO
2026-04-03 23:16:11,1775258171,1HZ75V,4332.55,1,0.13000000000010914,BACKFILL_AUTO
2026-04-03 23:16:12,1775258172,1HZ75V,4332.82,1,0.26999999999952706,BACKFILL_AUTO
2026-04-03 23:16:13,1775258173,1HZ75V,4332.89,1,0.07000000000061846,BACKFILL_AUTO
2026-04-03 23:16:14,1775258174,1HZ75V,4333.48,1,0.589999999999236,BACKFILL_AUTO
2026-04-03 23:16:15,1775258175,1HZ75V,4334.14,1,0.660000000000764,BACKFILL_AUTO
2026-04-03 23:16:16,1775258176,1HZ75V,4334.38,1,0.23999999999978172,BACKFILL_AUTO
2026-04-03 23:16:17,1775258177,1HZ75V,4335.13,1,0.75,BACKFILL_AUTO
2026-04-03 23:16:18,1775258178,1HZ75V,4336.38,1,1.25,BACKFILL_AUTO
2026-04-03 23:16:19,1775258179,1HZ75V,4335.52,-1,0.8599999999996726,BACKFILL_AUTO
2026-04-03 23:16:20,1775258180,1HZ75V,4334.86,-1,0.660000000000764,BACKFILL_AUTO
2026-04-03 23:16:21,1775258181,1HZ75V,4334.52,-1,0.339999999999236,BACKFILL_AUTO
2026-04-03 23:16:22,1775258182,1HZ75V,4334.47,-1,0.0500000000001819,BACKFILL_AUTO
2026-04-03 23:16:23,1775258183,1HZ75V,4334.0,-1,0.47000000000025466,BACKFILL_AUTO
2026-04-03 23:16:24,1775258184,1HZ75V,4334.38,1,0.38000000000010914,BACKFILL_AUTO
2026-04-03 23:16:25,1775258185,1HZ75V,4334.43,1,0.0500000000001819,BACKFILL_AUTO
2026-04-03 23:16:26,1775258186,1HZ75V,4335.05,1,0.6199999999998909,BACKFILL_AUTO
2026-04-03 23:16:27,1775258187,1HZ75V,4335.09,1,0.03999999999996362,BACKFILL_AUTO
2026-04-03 23:16:28,1775258188,1HZ75V,4335.05,-1,0.03999999999996362,BACKFILL_AUTO
2026-04-03 23:16:29,1775258189,1HZ75V,4335.64,1,0.5900000000001455,BACKFILL_AUTO
2026-04-03 23:16:30,1775258190,1HZ75V,4335.75,1,0.10999999999967258,BACKFILL_AUTO
2026-04-03 23:16:31,1775258191,1HZ75V,4335.42,-1,0.32999999999992724,BACKFILL_AUTO
2026-04-03 23:16:32,1775258192,1HZ75V,4335.49,1,0.06999999999970896,BACKFILL_AUTO
2026-04-03 23:16:33,1775258193,1HZ75V,4334.66,-1,0.8299999999999272,BACKFILL_AUTO
2026-04-03 23:16:34,1775258194,1HZ75V,4334.95,1,0.2899999999999636,BACKFILL_AUTO
2026-04-03 23:16:35,1775258195,1HZ75V,4335.13,1,0.18000000000029104,BACKFILL_AUTO
2026-04-03 23:16:36,1775258196,1HZ75V,4334.87,-1,0.2600000000002183,BACKFILL_AUTO
2026-04-03 23:16:37,1775258197,1HZ75V,4334.89,1,0.020000000000436557,BACKFILL_AUTO
2026-04-03 23:16:38,1775258198,1HZ75V,4334.53,-1,0.3600000000005821,BACKFILL_AUTO
2026-04-03 23:16:39,1775258199,1HZ75V,4333.65,-1,0.8800000000001091,BACKFILL_AUTO
2026-04-03 23:16:40,1775258200,1HZ75V,4332.91,-1,0.7399999999997817,BACKFILL_AUTO
2026-04-03 23:16:41,1775258201,1HZ75V,4332.05,-1,0.8599999999996726,BACKFILL_AUTO
2026-04-03 23:16:42,1775258202,1HZ75V,4331.27,-1,0.7799999999997453,BACKFILL_AUTO
2026-04-03 23:16:43,1775258203,1HZ75V,4332.43,1,1.1599999999998545,BACKFILL_AUTO
2026-04-03 23:16:44,1775258204,1HZ75V,4332.76,1,0.32999999999992724,BACKFILL_AUTO
2026-04-03 23:16:45,1775258205,1HZ75V,4332.52,-1,0.23999999999978172,BACKFILL_AUTO
2026-04-03 23:16:46,1775258206,1HZ75V,4332.69,1,0.16999999999916326,BACKFILL_AUTO
2026-04-03 23:16:47,1775258207,1HZ75V,4333.22,1,0.5300000000006548,BACKFILL_AUTO
2026-04-03 23:16:48,1775258208,1HZ75V,4333.1,-1,0.11999999999989086,BACKFILL_AUTO
2026-04-03 23:16:49,1775258209,1HZ75V,4333.77,1,0.6700000000000728,BACKFILL_AUTO
2026-04-03 23:16:50,1775258210,1HZ75V,4333.66,-1,0.11000000000058208,BACKFILL_AUTO
2026-04-03 23:16:51,1775258211,1HZ75V,4333.63,-1,0.02999999999974534,BACKFILL_AUTO
2026-04-03 23:16:52,1775258212,1HZ75V,4333.63,0,0.0,BACKFILL_AUTO
2026-04-03 23:16:53,1775258213,1HZ75V,4334.27,1,0.6400000000003274,BACKFILL_AUTO
2026-04-03 23:16:54,1775258214,1HZ75V,4334.18,-1,0.09000000000014552,BACKFILL_AUTO
2026-04-03 23:16:55,1775258215,1HZ75V,4332.63,-1,1.550000000000182,BACKFILL_AUTO
2026-04-03 23:16:56,1775258216,1HZ75V,4332.65,1,0.019999999999527063,BACKFILL_AUTO
2026-04-03 23:16:57,1775258217,1HZ75V,4333.3,1,0.6500000000005457,BACKFILL_AUTO
2026-04-03 23:16:58,1775258218,1HZ75V,4333.15,-1,0.1500000000005457,BACKFILL_AUTO
2026-04-03 23:16:59,1775258219,1HZ75V,4333.3,1,0.1500000000005457,BACKFILL_AUTO
2026-04-03 23:17:00,1775258220,1HZ75V,4333.6,1,0.3000000000001819,BACKFILL_AUTO
2026-04-03 23:17:01,1775258221,1HZ75V,4333.76,1,0.15999999999985448,BACKFILL_AUTO
2026-04-03 23:17:02,1775258222,1HZ75V,4333.29,-1,0.47000000000025466,BACKFILL_AUTO
2026-04-03 23:17:03,1775258223,1HZ75V,4333.08,-1,0.21000000000003638,BACKFILL_AUTO
2026-04-03 23:17:04,1775258224,1HZ75V,4333.93,1,0.8500000000003638,BACKFILL_AUTO
2026-04-03 23:17:05,1775258225,1HZ75V,4334.29,1,0.3599999999996726,BACKFILL_AUTO
2026-04-03 23:17:06,1775258226,1HZ75V,4334.91,1,0.6199999999998909,BACKFILL_AUTO
2026-04-03 23:17:07,1775258227,1HZ75V,4334.82,-1,0.09000000000014552,BACKFILL_AUTO
2026-04-03 23:17:08,1775258228,1HZ75V,4334.51,-1,0.3099999999994907,BACKFILL_AUTO
2026-04-03 23:17:09,1775258229,1HZ75V,4333.65,-1,0.8600000000005821,BACKFILL_AUTO
2026-04-03 23:17:10,1775258230,1HZ75V,4333.32,-1,0.32999999999992724,BACKFILL_AUTO
2026-04-03 23:17:11,1775258231,1HZ75V,4333.57,1,0.25,BACKFILL_AUTO
2026-04-03 23:17:12,1775258232,1HZ75V,4333.58,1,0.010000000000218279,BACKFILL_AUTO
2026-04-03 23:17:13,1775258233,1HZ75V,4333.62,1,0.03999999999996362,BACKFILL_AUTO
2026-04-03 23:17:14,1775258234,1HZ75V,4333.27,-1,0.3499999999994543,BACKFILL_AUTO
2026-04-03 23:17:15,1775258235,1HZ75V,4333.21,-1,0.06000000000040018,BACKFILL_AUTO
2026-04-03 23:17:16,1775258236,1HZ75V,4332.93,-1,0.27999999999974534,BACKFILL_AUTO
2026-04-03 23:17:17,1775258237,1HZ75V,4332.28,-1,0.6500000000005457,BACKFILL_AUTO
2026-04-03 23:17:18,1775258238,1HZ75V,4332.23,-1,0.0500000000001819,BACKFILL_AUTO
2026-04-03 23:17:19,1775258239,1HZ75V,4332.8,1,0.5700000000006185,BACKFILL_AUTO
2026-04-03 23:17:20,1775258240,1HZ75V,4332.08,-1,0.7200000000002547,BACKFILL_AUTO
2026-04-03 23:17:21,1775258241,1HZ75V,4332.97,1,0.8900000000003274,BACKFILL_AUTO
2026-04-03 23:17:22,1775258242,1HZ75V,4333.2,1,0.22999999999956344,BACKFILL_AUTO
2026-04-03 23:17:23,1775258243,1HZ75V,4332.31,-1,0.8899999999994179,BACKFILL_AUTO
2026-04-03 23:17:24,1775258244,1HZ75V,4332.46,1,0.1499999999996362,BACKFILL_AUTO
2026-04-03 23:17:25,1775258245,1HZ75V,4332.69,1,0.22999999999956344,BACKFILL_AUTO
2026-04-03 23:17:26,1775258246,1HZ75V,4332.75,1,0.06000000000040018,BACKFILL_AUTO
2026-04-03 23:17:27,1775258247,1HZ75V,4332.69,-1,0.06000000000040018,BACKFILL_AUTO
2026-04-03 23:17:28,1775258248,1HZ75V,4332.38,-1,0.3099999999994907,BACKFILL_AUTO
2026-04-03 23:17:29,1775258249,1HZ75V,4332.07,-1,0.3100000000004002,BACKFILL_AUTO
2026-04-03 23:17:30,1775258250,1HZ75V,4332.49,1,0.42000000000007276,BACKFILL_AUTO
2026-04-03 23:17:31,1775258251,1HZ75V,4331.78,-1,0.7100000000000364,BACKFILL_AUTO
2026-04-03 23:17:32,1775258252,1HZ75V,4331.94,1,0.15999999999985448,BACKFILL_AUTO
2026-04-03 23:17:33,1775258253,1HZ75V,4332.01,1,0.07000000000061846,BACKFILL_AUTO
2026-04-03 23:17:34,1775258254,1HZ75V,4331.62,-1,0.3900000000003274,BACKFILL_AUTO
2026-04-03 23:17:35,1775258255,1HZ75V,4331.55,-1,0.06999999999970896,BACKFILL_AUTO
2026-04-03 23:17:36,1775258256,1HZ75V,4331.33,-1,0.22000000000025466,BACKFILL_AUTO
2026-04-03 23:17:37,1775258257,1HZ75V,4331.72,1,0.3900000000003274,BACKFILL_AUTO
2026-04-03 23:17:38,1775258258,1HZ75V,4331.55,-1,0.17000000000007276,BACKFILL_AUTO
2026-04-03 23:17:39,1775258259,1HZ75V,4331.1,-1,0.4499999999998181,BACKFILL_AUTO
2026-04-03 23:17:40,1775258260,1HZ75V,4331.35,1,0.25,BACKFILL_AUTO
2026-04-03 23:17:41,1775258261,1HZ75V,4332.05,1,0.6999999999998181,BACKFILL_AUTO
2026-04-03 23:17:42,1775258262,1HZ75V,4332.22,1,0.17000000000007276,BACKFILL_AUTO
2026-04-03 23:17:43,1775258263,1HZ75V,4332.86,1,0.6399999999994179,BACKFILL_AUTO
2026-04-03 23:17:44,1775258264,1HZ75V,4332.78,-1,0.07999999999992724,BACKFILL_AUTO
2026-04-03 23:17:45,1775258265,1HZ75V,4333.13,1,0.3500000000003638,BACKFILL_AUTO
2026-04-03 23:17:46,1775258266,1HZ75V,4332.94,-1,0.19000000000050932,BACKFILL_AUTO
2026-04-03 23:17:47,1775258267,1HZ75V,4333.7,1,0.7600000000002183,BACKFILL_AUTO
2026-04-03 23:17:48,1775258268,1HZ75V,4334.19,1,0.4899999999997817,BACKFILL_AUTO
2026-04-03 23:17:49,1775258269,1HZ75V,4335.52,1,1.3300000000008367,BACKFILL_AUTO
2026-04-03 23:17:50,1775258270,1HZ75V,4334.61,-1,0.910000000000764,BACKFILL_AUTO
2026-04-03 23:17:51,1775258271,1HZ75V,4334.94,1,0.32999999999992724,BACKFILL_AUTO
2026-04-03 23:17:52,1775258272,1HZ75V,4334.49,-1,0.4499999999998181,BACKFILL_AUTO
2026-04-03 23:17:53,1775258273,1HZ75V,4334.54,1,0.0500000000001819,BACKFILL_AUTO
2026-04-03 23:17:54,1775258274,1HZ75V,4334.74,1,0.1999999999998181,BACKFILL_AUTO
2026-04-03 23:17:55,1775258275,1HZ75V,4335.67,1,0.930000000000291,BACKFILL_AUTO
2026-04-03 23:17:56,1775258276,1HZ75V,4335.53,-1,0.14000000000032742,BACKFILL_AUTO
2026-04-03 23:17:57,1775258277,1HZ75V,4334.84,-1,0.6899999999995998,BACKFILL_AUTO
2026-04-03 23:17:58,1775258278,1HZ75V,4334.58,-1,0.2600000000002183,BACKFILL_AUTO
2026-04-03 23:17:59,1775258279,1HZ75V,4334.31,-1,0.26999999999952706,BACKFILL_AUTO
2026-04-03 23:18:00,1775258280,1HZ75V,4335.15,1,0.839999999999236,BACKFILL_AUTO
2026-04-03 23:18:01,1775258281,1HZ75V,4336.02,1,0.8700000000008004,BACKFILL_AUTO
2026-04-03 23:18:02,1775258282,1HZ75V,4335.51,-1,0.5100000000002183,BACKFILL_AUTO
2026-04-03 23:18:03,1775258283,1HZ75V,4336.38,1,0.8699999999998909,BACKFILL_AUTO
2026-04-03 23:18:04,1775258284,1HZ75V,4336.96,1,0.5799999999999272,BACKFILL_AUTO
2026-04-03 23:18:05,1775258285,1HZ75V,4336.95,-1,0.010000000000218279,BACKFILL_AUTO
2026-04-03 23:18:06,1775258286,1HZ75V,4336.58,-1,0.36999999999989086,BACKFILL_AUTO
2026-04-03 23:18:07,1775258287,1HZ75V,4337.5,1,0.9200000000000728,BACKFILL_AUTO
2026-04-03 23:18:08,1775258288,1HZ75V,4338.14,1,0.6400000000003274,BACKFILL_AUTO
2026-04-03 23:18:09,1775258289,1HZ75V,4337.92,-1,0.22000000000025466,BACKFILL_AUTO
2026-04-03 23:18:10,1775258290,1HZ75V,4338.9,1,0.9799999999995634,BACKFILL_AUTO
2026-04-03 23:18:11,1775258291,1HZ75V,4339.36,1,0.4600000000000364,BACKFILL_AUTO
2026-04-03 23:18:12,1775258292,1HZ75V,4340.03,1,0.6700000000000728,BACKFILL_AUTO
2026-04-03 23:18:13,1775258293,1HZ75V,4339.16,-1,0.8699999999998909,BACKFILL_AUTO
2026-04-03 23:18:14,1775258294,1HZ75V,4338.78,-1,0.38000000000010914,BACKFILL_AUTO
2026-04-03 23:18:15,1775258295,1HZ75V,4339.4,1,0.6199999999998909,BACKFILL_AUTO
2026-04-03 23:18:16,1775258296,1HZ75V,4339.94,1,0.5399999999999636,BACKFILL_AUTO
2026-04-03 23:18:17,1775258297,1HZ75V,4339.61,-1,0.32999999999992724,BACKFILL_AUTO
2026-04-03 23:18:18,1775258298,1HZ75V,4339.63,1,0.020000000000436557,BACKFILL_AUTO
2026-04-03 23:18:19,1775258299,1HZ75V,4339.18,-1,0.4499999999998181,BACKFILL_AUTO
2026-04-03 23:18:20,1775258300,1HZ75V,4339.9,1,0.7199999999993452,BACKFILL_AUTO
2026-04-03 23:18:21,1775258301,1HZ75V,4339.97,1,0.07000000000061846,BACKFILL_AUTO
2026-04-03 23:18:22,1775258302,1HZ75V,4340.82,1,0.8499999999994543,BACKFILL_AUTO
2026-04-03 23:18:23,1775258303,1HZ75V,4340.76,-1,0.05999999999949068,BACKFILL_AUTO
2026-04-03 23:18:24,1775258304,1HZ75V,4340.7,-1,0.06000000000040018,BACKFILL_AUTO
2026-04-03 23:18:25,1775258305,1HZ75V,4340.81,1,0.11000000000058208,BACKFILL_AUTO
2026-04-03 23:18:26,1775258306,1HZ75V,4341.45,1,0.6399999999994179,BACKFILL_AUTO
2026-04-03 23:18:27,1775258307,1HZ75V,4341.16,-1,0.2899999999999636,BACKFILL_AUTO
2026-04-03 23:18:28,1775258308,1HZ75V,4341.25,1,0.09000000000014552,BACKFILL_AUTO
2026-04-03 23:18:29,1775258309,1HZ75V,4342.22,1,0.9700000000002547,BACKFILL_AUTO
2026-04-03 23:18:30,1775258310,1HZ75V,4341.5,-1,0.7200000000002547,BACKFILL_AUTO
2026-04-03 23:18:31,1775258311,1HZ75V,4341.54,1,0.03999999999996362,BACKFILL_AUTO
2026-04-03 23:18:32,1775258312,1HZ75V,4341.11,-1,0.43000000000029104,BACKFILL_AUTO
2026-04-03 23:18:33,1775258313,1HZ75V,4341.03,-1,0.07999999999992724,BACKFILL_AUTO
2026-04-03 23:18:34,1775258314,1HZ75V,4342.19,1,1.1599999999998545,BACKFILL_AUTO
2026-04-03 23:18:35,1775258315,1HZ75V,4342.52,1,0.33000000000083674,BACKFILL_AUTO
2026-04-03 23:18:36,1775258316,1HZ75V,4342.38,-1,0.14000000000032742,BACKFILL_AUTO
2026-04-03 23:18:37,1775258317,1HZ75V,4342.26,-1,0.11999999999989086,BACKFILL_AUTO
2026-04-03 23:18:38,1775258318,1HZ75V,4341.84,-1,0.42000000000007276,BACKFILL_AUTO
2026-04-03 23:18:39,1775258319,1HZ75V,4341.14,-1,0.6999999999998181,BACKFILL_AUTO
2026-04-03 23:18:40,1775258320,1HZ75V,4341.31,1,0.17000000000007276,BACKFILL_AUTO
2026-04-03 23:18:41,1775258321,1HZ75V,4341.23,-1,0.08000000000083674,BACKFILL_AUTO
2026-04-03 23:18:42,1775258322,1HZ75V,4340.75,-1,0.47999999999956344,BACKFILL_AUTO
2026-04-03 23:18:43,1775258323,1HZ75V,4340.12,-1,0.6300000000001091,BACKFILL_AUTO
2026-04-03 23:18:44,1775258324,1HZ75V,4340.05,-1,0.06999999999970896,BACKFILL_AUTO
2026-04-03 23:18:45,1775258325,1HZ75V,4339.81,-1,0.23999999999978172,BACKFILL_AUTO
2026-04-03 23:18:46,1775258326,1HZ75V,4339.82,1,0.009999999999308784,BACKFILL_AUTO
2026-04-03 23:18:47,1775258327,1HZ75V,4339.73,-1,0.09000000000014552,BACKFILL_AUTO
2026-04-03 23:18:48,1775258328,1HZ75V,4338.93,-1,0.7999999999992724,BACKFILL_AUTO
2026-04-03 23:18:49,1775258329,1HZ75V,4339.58,1,0.6499999999996362,BACKFILL_AUTO
2026-04-03 23:18:50,1775258330,1HZ75V,4339.23,-1,0.3500000000003638,BACKFILL_AUTO
2026-04-03 23:18:51,1775258331,1HZ75V,4339.61,1,0.38000000000010914,BACKFILL_AUTO
2026-04-03 23:18:52,1775258332,1HZ75V,4339.1,-1,0.5099999999993088,BACKFILL_AUTO
2026-04-03 23:18:53,1775258333,1HZ75V,4338.55,-1,0.5500000000001819,BACKFILL_AUTO
2026-04-03 23:18:54,1775258334,1HZ75V,4339.2,1,0.6499999999996362,BACKFILL_AUTO
2026-04-03 23:18:55,1775258335,1HZ75V,4338.07,-1,1.1300000000001091,BACKFILL_AUTO
2026-04-03 23:18:56,1775258336,1HZ75V,4338.27,1,0.2000000000007276,BACKFILL_AUTO
2026-04-03 23:18:57,1775258337,1HZ75V,4338.14,-1,0.13000000000010914,BACKFILL_AUTO
2026-04-03 23:18:58,1775258338,1HZ75V,4339.42,1,1.2799999999997453,BACKFILL_AUTO
2026-04-03 23:18:59,1775258339,1HZ75V,4340.08,1,0.6599999999998545,BACKFILL_AUTO
2026-04-03 23:19:00,1775258340,1HZ75V,4340.62,1,0.5399999999999636,BACKFILL_AUTO
2026-04-03 23:19:01,1775258341,1HZ75V,4340.99,1,0.36999999999989086,BACKFILL_AUTO
2026-04-03 23:19:02,1775258342,1HZ75V,4340.17,-1,0.819999999999709,BACKFILL_AUTO
2026-04-03 23:19:03,1775258343,1HZ75V,4340.61,1,0.4399999999995998,BACKFILL_AUTO
2026-04-03 23:19:04,1775258344,1HZ75V,4340.18,-1,0.42999999999938154,BACKFILL_AUTO
2026-04-03 23:19:05,1775258345,1HZ75V,4341.08,1,0.8999999999996362,BACKFILL_AUTO
2026-04-03 23:19:06,1775258346,1HZ75V,4340.94,-1,0.14000000000032742,BACKFILL_AUTO
2026-04-03 23:19:07,1775258347,1HZ75V,4341.37,1,0.43000000000029104,BACKFILL_AUTO
2026-04-03 23:19:08,1775258348,1HZ75V,4341.22,-1,0.1499999999996362,BACKFILL_AUTO
2026-04-03 23:19:09,1775258349,1HZ75V,4341.15,-1,0.07000000000061846,BACKFILL_AUTO
2026-04-03 23:19:10,1775258350,1HZ75V,4340.32,-1,0.8299999999999272,BACKFILL_AUTO
2026-04-03 23:19:11,1775258351,1HZ75V,4340.62,1,0.3000000000001819,BACKFILL_AUTO
2026-04-03 23:19:12,1775258352,1HZ75V,4341.67,1,1.050000000000182,BACKFILL_AUTO
2026-04-03 23:19:13,1775258353,1HZ75V,4341.22,-1,0.4499999999998181,BACKFILL_AUTO
2026-04-03 23:19:14,1775258354,1HZ75V,4340.87,-1,0.3500000000003638,BACKFILL_AUTO
2026-04-03 23:19:15,1775258355,1HZ75V,4340.55,-1,0.31999999999970896,BACKFILL_AUTO
2026-04-03 23:19:16,1775258356,1HZ75V,4340.15,-1,0.4000000000005457,BACKFILL_AUTO
2026-04-03 23:19:17,1775258357,1HZ75V,4340.8,1,0.6500000000005457,BACKFILL_AUTO
2026-04-03 23:19:18,1775258358,1HZ75V,4340.28,-1,0.5200000000004366,BACKFILL_AUTO
2026-04-03 23:19:19,1775258359,1HZ75V,4339.95,-1,0.32999999999992724,BACKFILL_AUTO
2026-04-03 23:19:20,1775258360,1HZ75V,4338.8,-1,1.1499999999996362,BACKFILL_AUTO
2026-04-03 23:19:21,1775258361,1HZ75V,4339.37,1,0.569999999999709,BACKFILL_AUTO
2026-04-03 23:19:22,1775258362,1HZ75V,4339.78,1,0.4099999999998545,BACKFILL_AUTO
2026-04-03 23:19:23,1775258363,1HZ75V,4340.24,1,0.4600000000000364,BACKFILL_AUTO
2026-04-03 23:19:24,1775258364,1HZ75V,4340.3,1,0.06000000000040018,BACKFILL_AUTO
2026-04-03 23:19:25,1775258365,1HZ75V,4340.99,1,0.6899999999995998,BACKFILL_AUTO
2026-04-03 23:19:26,1775258366,1HZ75V,4341.71,1,0.7200000000002547,BACKFILL_AUTO
2026-04-03 23:19:27,1775258367,1HZ75V,4342.15,1,0.4399999999995998,BACKFILL_AUTO
2026-04-03 23:19:28,1775258368,1HZ75V,4341.99,-1,0.15999999999985448,BACKFILL_AUTO
2026-04-03 23:19:29,1775258369,1HZ75V,4342.48,1,0.4899999999997817,BACKFILL_AUTO
2026-04-03 23:19:30,1775258370,1HZ75V,4341.99,-1,0.4899999999997817,BACKFILL_AUTO
2026-04-03 23:19:31,1775258371,1HZ75V,4341.95,-1,0.03999999999996362,BACKFILL_AUTO
2026-04-03 23:19:32,1775258372,1HZ75V,4342.23,1,0.27999999999974534,BACKFILL_AUTO
2026-04-03 23:19:33,1775258373,1HZ75V,4342.05,-1,0.17999999999938154,BACKFILL_AUTO
2026-04-03 23:19:34,1775258374,1HZ75V,4342.44,1,0.3899999999994179,BACKFILL_AUTO
2026-04-03 23:19:35,1775258375,1HZ75V,4343.24,1,0.8000000000001819,BACKFILL_AUTO
2026-04-03 23:19:36,1775258376,1HZ75V,4343.34,1,0.1000000000003638,BACKFILL_AUTO
2026-04-03 23:19:37,1775258377,1HZ75V,4343.65,1,0.3099999999994907,BACKFILL_AUTO
2026-04-03 23:19:38,1775258378,1HZ75V,4343.05,-1,0.5999999999994543,BACKFILL_AUTO
2026-04-03 23:19:39,1775258379,1HZ75V,4343.25,1,0.1999999999998181,BACKFILL_AUTO
2026-04-03 23:19:40,1775258380,1HZ75V,4343.7,1,0.4499999999998181,BACKFILL_AUTO
2026-04-03 23:19:41,1775258381,1HZ75V,4343.68,-1,0.019999999999527063,BACKFILL_AUTO
2026-04-03 23:19:42,1775258382,1HZ75V,4343.63,-1,0.0500000000001819,BACKFILL_AUTO
2026-04-03 23:19:43,1775258383,1HZ75V,4343.34,-1,0.2899999999999636,BACKFILL_AUTO
2026-04-03 23:19:44,1775258384,1HZ75V,4342.93,-1,0.4099999999998545,BACKFILL_AUTO
2026-04-03 23:19:45,1775258385,1HZ75V,4343.44,1,0.5099999999993088,BACKFILL_AUTO
2026-04-03 23:19:46,1775258386,1HZ75V,4343.85,1,0.410000000000764,BACKFILL_AUTO
2026-04-03 23:19:47,1775258387,1HZ75V,4344.77,1,0.9200000000000728,BACKFILL_AUTO
2026-04-03 23:19:48,1775258388,1HZ75V,4344.11,-1,0.660000000000764,BACKFILL_AUTO
2026-04-03 23:19:49,1775258389,1HZ75V,4344.57,1,0.4600000000000364,BACKFILL_AUTO
2026-04-03 23:19:50,1775258390,1HZ75V,4344.64,1,0.07000000000061846,BACKFILL_AUTO
2026-04-03 23:19:51,1775258391,1HZ75V,4344.08,-1,0.5600000000004002,BACKFILL_AUTO
2026-04-03 23:19:52,1775258392,1HZ75V,4343.35,-1,0.7299999999995634,BACKFILL_AUTO
2026-04-03 23:19:53,1775258393,1HZ75V,4343.01,-1,0.3400000000001455,BACKFILL_AUTO
2026-04-03 23:19:54,1775258394,1HZ75V,4342.43,-1,0.5799999999999272,BACKFILL_AUTO
2026-04-03 23:19:55,1775258395,1HZ75V,4342.11,-1,0.32000000000061846,BACKFILL_AUTO
2026-04-03 23:19:56,1775258396,1HZ75V,4341.88,-1,0.22999999999956344,BACKFILL_AUTO
2026-04-03 23:19:57,1775258397,1HZ75V,4342.03,1,0.1499999999996362,BACKFILL_AUTO
2026-04-03 23:19:58,1775258398,1HZ75V,4342.36,1,0.32999999999992724,BACKFILL_AUTO
2026-04-03 23:19:59,1775258399,1HZ75V,4342.01,-1,0.3499999999994543,BACKFILL_AUTO
2026-04-03 23:20:00,1775258400,1HZ75V,4341.87,-1,0.14000000000032742,BACKFILL_AUTO
2026-04-03 23:20:01,1775258401,1HZ75V,4341.72,-1,0.1499999999996362,BACKFILL_AUTO
2026-04-03 23:20:02,1775258402,1HZ75V,4341.14,-1,0.5799999999999272,BACKFILL_AUTO
2026-04-03 23:20:03,1775258403,1HZ75V,4341.29,1,0.1499999999996362,BACKFILL_AUTO
2026-04-03 23:20:04,1775258404,1HZ75V,4341.35,1,0.06000000000040018,BACKFILL_AUTO
2026-04-03 23:20:05,1775258405,1HZ75V,4341.25,-1,0.1000000000003638,BACKFILL_AUTO
2026-04-03 23:20:06,1775258406,1HZ75V,4341.97,1,0.7200000000002547,BACKFILL_AUTO
2026-04-03 23:20:07,1775258407,1HZ75V,4341.66,-1,0.3100000000004002,BACKFILL_AUTO
2026-04-03 23:20:08,1775258408,1HZ75V,4341.8,1,0.14000000000032742,BACKFILL_AUTO
2026-04-03 23:20:09,1775258409,1HZ75V,4341.5,-1,0.3000000000001819,BACKFILL_AUTO
2026-04-03 23:20:10,1775258410,1HZ75V,4342.05,1,0.5500000000001819,BACKFILL_AUTO
2026-04-03 23:20:11,1775258411,1HZ75V,4342.03,-1,0.020000000000436557,BACKFILL_AUTO
2026-04-03 23:20:12,1775258412,1HZ75V,4341.24,-1,0.7899999999999636,BACKFILL_AUTO
2026-04-03 23:20:13,1775258413,1HZ75V,4341.04,-1,0.1999999999998181,BACKFILL_AUTO
2026-04-03 23:20:14,1775258414,1HZ75V,4341.35,1,0.3100000000004002,BACKFILL_AUTO
2026-04-03 23:20:15,1775258415,1HZ75V,4341.24,-1,0.11000000000058208,BACKFILL_AUTO
2026-04-03 23:20:16,1775258416,1HZ75V,4342.43,1,1.1900000000005093,BACKFILL_AUTO
2026-04-03 23:20:17,1775258417,1HZ75V,4342.94,1,0.5099999999993088,BACKFILL_AUTO
2026-04-03 23:20:18,1775258418,1HZ75V,4342.26,-1,0.6799999999993815,BACKFILL_AUTO
2026-04-03 23:20:19,1775258419,1HZ75V,4342.46,1,0.1999999999998181,BACKFILL_AUTO
2026-04-03 23:20:20,1775258420,1HZ75V,4342.44,-1,0.020000000000436557,BACKFILL_AUTO
2026-04-03 23:20:21,1775258421,1HZ75V,4342.42,-1,0.019999999999527063,BACKFILL_AUTO
2026-04-03 23:20:22,1775258422,1HZ75V,4341.6,-1,0.819999999999709,BACKFILL_AUTO
2026-04-03 23:20:23,1775258423,1HZ75V,4341.23,-1,0.37000000000080036,BACKFILL_AUTO
2026-04-03 23:20:24,1775258424,1HZ75V,4341.23,0,0.0,BACKFILL_AUTO
2026-04-03 23:20:25,1775258425,1HZ75V,4342.39,1,1.160000000000764,BACKFILL_AUTO
2026-04-03 23:20:26,1775258426,1HZ75V,4342.32,-1,0.07000000000061846,BACKFILL_AUTO
2026-04-03 23:20:27,1775258427,1HZ75V,4342.13,-1,0.18999999999959982,BACKFILL_AUTO
2026-04-03 23:20:28,1775258428,1HZ75V,4343.0,1,0.8699999999998909,BACKFILL_AUTO
2026-04-03 23:20:29,1775258429,1HZ75V,4343.67,1,0.6700000000000728,BACKFILL_AUTO
2026-04-03 23:20:30,1775258430,1HZ75V,4343.59,-1,0.07999999999992724,BACKFILL_AUTO
2026-04-03 23:20:31,1775258431,1HZ75V,4343.55,-1,0.03999999999996362,BACKFILL_AUTO
2026-04-03 23:20:32,1775258432,1HZ75V,4343.42,-1,0.13000000000010914,BACKFILL_AUTO
2026-04-03 23:20:33,1775258433,1HZ75V,4343.56,1,0.14000000000032742,BACKFILL_AUTO
2026-04-03 23:20:34,1775258434,1HZ75V,4343.4,-1,0.16000000000076398,BACKFILL_AUTO
2026-04-03 23:20:35,1775258435,1HZ75V,4343.59,1,0.19000000000050932,BACKFILL_AUTO
2026-04-03 23:20:36,1775258436,1HZ75V,4343.09,-1,0.5,BACKFILL_AUTO
2026-04-03 23:20:37,1775258437,1HZ75V,4342.49,-1,0.6000000000003638,BACKFILL_AUTO
2026-04-03 23:20:38,1775258438,1HZ75V,4342.22,-1,0.26999999999952706,BACKFILL_AUTO
2026-04-03 23:20:39,1775258439,1HZ75V,4341.81,-1,0.4099999999998545,BACKFILL_AUTO
2026-04-03 23:20:40,1775258440,1HZ75V,4341.31,-1,0.5,BACKFILL_AUTO
2026-04-03 23:20:41,1775258441,1HZ75V,4340.79,-1,0.5200000000004366,BACKFILL_AUTO
2026-04-03 23:20:42,1775258442,1HZ75V,4339.72,-1,1.069999999999709,BACKFILL_AUTO
2026-04-03 23:20:43,1775258443,1HZ75V,4339.95,1,0.22999999999956344,BACKFILL_AUTO
2026-04-03 23:20:44,1775258444,1HZ75V,4338.91,-1,1.0399999999999636,BACKFILL_AUTO
2026-04-03 23:20:45,1775258445,1HZ75V,4338.62,-1,0.2899999999999636,BACKFILL_AUTO
2026-04-03 23:20:46,1775258446,1HZ75V,4338.08,-1,0.5399999999999636,BACKFILL_AUTO
2026-04-03 23:20:47,1775258447,1HZ75V,4337.59,-1,0.4899999999997817,BACKFILL_AUTO
2026-04-03 23:20:48,1775258448,1HZ75V,4337.58,-1,0.010000000000218279,BACKFILL_AUTO
2026-04-03 23:20:49,1775258449,1HZ75V,4337.5,-1,0.07999999999992724,BACKFILL_AUTO
2026-04-03 23:20:50,1775258450,1HZ75V,4336.91,-1,0.5900000000001455,BACKFILL_AUTO
2026-04-03 23:20:51,1775258451,1HZ75V,4337.54,1,0.6300000000001091,BACKFILL_AUTO
2026-04-03 23:20:52,1775258452,1HZ75V,4337.28,-1,0.2600000000002183,BACKFILL_AUTO
2026-04-03 23:20:53,1775258453,1HZ75V,4337.42,1,0.14000000000032742,BACKFILL_AUTO
2026-04-03 23:20:54,1775258454,1HZ75V,4336.7,-1,0.7200000000002547,BACKFILL_AUTO
2026-04-03 23:20:55,1775258455,1HZ75V,4336.99,1,0.2899999999999636,BACKFILL_AUTO
2026-04-03 23:20:56,1775258456,1HZ75V,4336.22,-1,0.7699999999995271,BACKFILL_AUTO
2026-04-03 23:20:57,1775258457,1HZ75V,4337.12,1,0.8999999999996362,BACKFILL_AUTO
2026-04-03 23:20:58,1775258458,1HZ75V,4336.68,-1,0.4399999999995998,BACKFILL_AUTO
2026-04-03 23:20:59,1775258459,1HZ75V,4336.72,1,0.03999999999996362,BACKFILL_AUTO
2026-04-03 23:21:00,1775258460,1HZ75V,4336.92,1,0.1999999999998181,BACKFILL_AUTO
2026-04-03 23:21:01,1775258461,1HZ75V,4337.06,1,0.14000000000032742,BACKFILL_AUTO
2026-04-03 23:21:02,1775258462,1HZ75V,4336.92,-1,0.14000000000032742,BACKFILL_AUTO
2026-04-03 23:21:03,1775258463,1HZ75V,4336.97,1,0.0500000000001819,BACKFILL_AUTO
2026-04-03 23:21:04,1775258464,1HZ75V,4337.14,1,0.17000000000007276,BACKFILL_AUTO
2026-04-03 23:21:05,1775258465,1HZ75V,4336.79,-1,0.3500000000003638,BACKFILL_AUTO
2026-04-03 23:21:06,1775258466,1HZ75V,4337.21,1,0.42000000000007276,BACKFILL_AUTO
2026-04-03 23:21:07,1775258467,1HZ75V,4337.72,1,0.5100000000002183,BACKFILL_AUTO
2026-04-03 23:21:08,1775258468,1HZ75V,4337.97,1,0.25,BACKFILL_AUTO
2026-04-03 23:21:09,1775258469,1HZ75V,4338.47,1,0.5,BACKFILL_AUTO
2026-04-03 23:21:10,1775258470,1HZ75V,4338.32,-1,0.1500000000005457,BACKFILL_AUTO
2026-04-03 23:21:11,1775258471,1HZ75V,4338.35,1,0.030000000000654836,BACKFILL_AUTO
2026-04-03 23:21:12,1775258472,1HZ75V,4338.03,-1,0.32000000000061846,BACKFILL_AUTO
2026-04-03 23:21:13,1775258473,1HZ75V,4337.93,-1,0.0999999999994543,BACKFILL_AUTO
2026-04-03 23:21:14,1775258474,1HZ75V,4338.31,1,0.38000000000010914,BACKFILL_AUTO
2026-04-03 23:21:15,1775258475,1HZ75V,4338.65,1,0.339999999999236,BACKFILL_AUTO
2026-04-03 23:21:16,1775258476,1HZ75V,4338.99,1,0.3400000000001455,BACKFILL_AUTO
2026-04-03 23:21:17,1775258477,1HZ75V,4339.27,1,0.28000000000065484,BACKFILL_AUTO
2026-04-03 23:21:18,1775258478,1HZ75V,4340.29,1,1.019999999999527,BACKFILL_AUTO
2026-04-03 23:21:19,1775258479,1HZ75V,4340.23,-1,0.06000000000040018,BACKFILL_AUTO
2026-04-03 23:21:20,1775258480,1HZ75V,4340.65,1,0.42000000000007276,BACKFILL_AUTO
2026-04-03 23:21:21,1775258481,1HZ75V,4340.56,-1,0.08999999999923602,BACKFILL_AUTO
2026-04-03 23:21:22,1775258482,1HZ75V,4341.25,1,0.6899999999995998,BACKFILL_AUTO
2026-04-03 23:21:23,1775258483,1HZ75V,4341.67,1,0.42000000000007276,BACKFILL_AUTO
