timestamp,unix_time,instrument,price,direction,tick_size,session_id
2026-04-04 03:46:50,1775274410,BOOM900,9093.082,0,,BACKFILL_AUTO
2026-04-04 03:46:51,1775274411,BOOM900,9093.064,-1,0.018000000000029104,BACKFILL_AUTO
2026-04-04 03:46:52,1775274412,BOOM900,9093.044,-1,0.020000000000436557,BACKFILL_AUTO
2026-04-04 03:46:53,1775274413,BOOM900,9093.036,-1,0.007999999999810825,BACKFILL_AUTO
2026-04-04 03:46:54,1775274414,BOOM900,9093.026,-1,0.010000000000218279,BACKFILL_AUTO
2026-04-04 03:46:55,1775274415,BOOM900,9093.021,-1,0.004999999999199645,BACKFILL_AUTO
2026-04-04 03:46:56,1775274416,BOOM900,9093.016,-1,0.005000000001018634,BACKFILL_AUTO
2026-04-04 03:46:57,1775274417,BOOM900,9093.009,-1,0.006999999999607098,BACKFILL_AUTO
2026-04-04 03:46:58,1775274418,BOOM900,9092.98,-1,0.02900000000045111,BACKFILL_AUTO
2026-04-04 03:46:59,1775274419,BOOM900,9092.962,-1,0.018000000000029104,BACKFILL_AUTO
2026-04-04 03:47:00,1775274420,BOOM900,9092.95,-1,0.011999999998806743,BACKFILL_AUTO
2026-04-04 03:47:01,1775274421,BOOM900,9092.941,-1,0.009000000000014552,BACKFILL_AUTO
2026-04-04 03:47:02,1775274422,BOOM900,9092.935,-1,0.006000000001222361,BACKFILL_AUTO
2026-04-04 03:47:03,1775274423,BOOM900,9092.929,-1,0.0059999999994033715,BACKFILL_AUTO
2026-04-04 03:47:04,1775274424,BOOM900,9092.924,-1,0.004999999999199645,BACKFILL_AUTO
2026-04-04 03:47:05,1775274425,BOOM900,9092.91,-1,0.014000000001033186,BACKFILL_AUTO
2026-04-04 03:47:06,1775274426,BOOM900,9092.904,-1,0.0059999999994033715,BACKFILL_AUTO
2026-04-04 03:47:07,1775274427,BOOM900,9092.904,0,0.0,BACKFILL_AUTO
2026-04-04 03:47:08,1775274428,BOOM900,9092.899,-1,0.005000000001018634,BACKFILL_AUTO
2026-04-04 03:47:09,1775274429,BOOM900,9092.884,-1,0.014999999999417923,BACKFILL_AUTO
2026-04-04 03:47:10,1775274430,BOOM900,9092.866,-1,0.018000000000029104,BACKFILL_AUTO
2026-04-04 03:47:11,1775274431,BOOM900,9092.847,-1,0.01900000000023283,BACKFILL_AUTO
2026-04-04 03:47:12,1775274432,BOOM900,9092.84,-1,0.006999999999607098,BACKFILL_AUTO
2026-04-04 03:47:13,1775274433,BOOM900,9092.832,-1,0.007999999999810825,BACKFILL_AUTO
2026-04-04 03:47:14,1775274434,BOOM900,9092.823,-1,0.009000000000014552,BACKFILL_AUTO
2026-04-04 03:47:15,1775274435,BOOM900,9092.812,-1,0.011000000000422006,BACKFILL_AUTO
2026-04-04 03:47:16,1775274436,BOOM900,9092.797,-1,0.014999999999417923,BACKFILL_AUTO
2026-04-04 03:47:17,1775274437,BOOM900,9092.793,-1,0.004000000000814907,BACKFILL_AUTO
2026-04-04 03:47:18,1775274438,BOOM900,9092.79,-1,0.002999999998792191,BACKFILL_AUTO
2026-04-04 03:47:19,1775274439,BOOM900,9092.785,-1,0.005000000001018634,BACKFILL_AUTO
2026-04-04 03:47:20,1775274440,BOOM900,9092.782,-1,0.0030000000006111804,BACKFILL_AUTO
2026-04-04 03:47:21,1775274441,BOOM900,9092.767,-1,0.014999999999417923,BACKFILL_AUTO
2026-04-04 03:47:22,1775274442,BOOM900,9092.765,-1,0.0020000000004074536,BACKFILL_AUTO
2026-04-04 03:47:23,1775274443,BOOM900,9092.76,-1,0.004999999999199645,BACKFILL_AUTO
2026-04-04 03:47:24,1775274444,BOOM900,9092.756,-1,0.004000000000814907,BACKFILL_AUTO
2026-04-04 03:47:25,1775274445,BOOM900,9092.744,-1,0.011999999998806743,BACKFILL_AUTO
2026-04-04 03:47:26,1775274446,BOOM900,9092.712,-1,0.03200000000106229,BACKFILL_AUTO
2026-04-04 03:47:27,1775274447,BOOM900,9092.695,-1,0.016999999999825377,BACKFILL_AUTO
2026-04-04 03:47:28,1775274448,BOOM900,9092.687,-1,0.007999999999810825,BACKFILL_AUTO
2026-04-04 03:47:29,1775274449,BOOM900,9092.675,-1,0.012000000000625732,BACKFILL_AUTO
2026-04-04 03:47:30,1775274450,BOOM900,9092.659,-1,0.01599999999962165,BACKFILL_AUTO
2026-04-04 03:47:31,1775274451,BOOM900,9092.645,-1,0.013999999999214197,BACKFILL_AUTO
2026-04-04 03:47:32,1775274452,BOOM900,9092.631,-1,0.014000000001033186,BACKFILL_AUTO
2026-04-04 03:47:33,1775274453,BOOM900,9092.627,-1,0.003999999998995918,BACKFILL_AUTO
2026-04-04 03:47:34,1775274454,BOOM900,9092.616,-1,0.011000000000422006,BACKFILL_AUTO
2026-04-04 03:47:35,1775274455,BOOM900,9092.613,-1,0.0030000000006111804,BACKFILL_AUTO
2026-04-04 03:47:36,1775274456,BOOM900,9092.594,-1,0.01900000000023283,BACKFILL_AUTO
2026-04-04 03:47:37,1775274457,BOOM900,9092.594,0,0.0,BACKFILL_AUTO
2026-04-04 03:47:38,1775274458,BOOM900,9092.587,-1,0.006999999999607098,BACKFILL_AUTO
2026-04-04 03:47:39,1775274459,BOOM900,9092.576,-1,0.011000000000422006,BACKFILL_AUTO
2026-04-04 03:47:40,1775274460,BOOM900,9092.568,-1,0.007999999999810825,BACKFILL_AUTO
2026-04-04 03:47:41,1775274461,BOOM900,9092.553,-1,0.014999999999417923,BACKFILL_AUTO
2026-04-04 03:47:42,1775274462,BOOM900,9092.542,-1,0.011000000000422006,BACKFILL_AUTO
2026-04-04 03:47:43,1775274463,BOOM900,9092.533,-1,0.009000000000014552,BACKFILL_AUTO
2026-04-04 03:47:44,1775274464,BOOM900,9092.531,-1,0.0019999999985884642,BACKFILL_AUTO
2026-04-04 03:47:45,1775274465,BOOM900,9092.524,-1,0.007000000001426088,BACKFILL_AUTO
2026-04-04 03:47:46,1775274466,BOOM900,9092.51,-1,0.013999999999214197,BACKFILL_AUTO
2026-04-04 03:47:47,1775274467,BOOM900,9092.507,-1,0.0030000000006111804,BACKFILL_AUTO
2026-04-04 03:47:48,1775274468,BOOM900,9092.497,-1,0.010000000000218279,BACKFILL_AUTO
2026-04-04 03:47:49,1775274469,BOOM900,9092.479,-1,0.018000000000029104,BACKFILL_AUTO
2026-04-04 03:47:50,1775274470,BOOM900,9092.474,-1,0.004999999999199645,BACKFILL_AUTO
2026-04-04 03:47:51,1775274471,BOOM900,9092.466,-1,0.007999999999810825,BACKFILL_AUTO
2026-04-04 03:47:52,1775274472,BOOM900,9092.451,-1,0.015000000001236913,BACKFILL_AUTO
2026-04-04 03:47:53,1775274473,BOOM900,9092.444,-1,0.006999999999607098,BACKFILL_AUTO
2026-04-04 03:47:54,1775274474,BOOM900,9092.434,-1,0.010000000000218279,BACKFILL_AUTO
2026-04-04 03:47:55,1775274475,BOOM900,9092.432,-1,0.0019999999985884642,BACKFILL_AUTO
2026-04-04 03:47:56,1775274476,BOOM900,9092.425,-1,0.007000000001426088,BACKFILL_AUTO
2026-04-04 03:47:57,1775274477,BOOM900,9092.422,-1,0.002999999998792191,BACKFILL_AUTO
2026-04-04 03:47:58,1775274478,BOOM900,9092.408,-1,0.014000000001033186,BACKFILL_AUTO
2026-04-04 03:47:59,1775274479,BOOM900,9092.399,-1,0.009000000000014552,BACKFILL_AUTO
2026-04-04 03:48:00,1775274480,BOOM900,9092.392,-1,0.006999999999607098,BACKFILL_AUTO
2026-04-04 03:48:01,1775274481,BOOM900,9092.389,-1,0.0030000000006111804,BACKFILL_AUTO
2026-04-04 03:48:02,1775274482,BOOM900,9092.367,-1,0.02199999999902502,BACKFILL_AUTO
2026-04-04 03:48:03,1775274483,BOOM900,9092.366,-1,0.0010000000002037268,BACKFILL_AUTO
2026-04-04 03:48:04,1775274484,BOOM900,9092.352,-1,0.013999999999214197,BACKFILL_AUTO
2026-04-04 03:48:05,1775274485,BOOM900,9092.337,-1,0.015000000001236913,BACKFILL_AUTO
2026-04-04 03:48:06,1775274486,BOOM900,9092.335,-1,0.0020000000004074536,BACKFILL_AUTO
2026-04-04 03:48:07,1775274487,BOOM900,9092.333,-1,0.0019999999985884642,BACKFILL_AUTO
2026-04-04 03:48:08,1775274488,BOOM900,9092.323,-1,0.010000000000218279,BACKFILL_AUTO
2026-04-04 03:48:09,1775274489,BOOM900,9092.317,-1,0.006000000001222361,BACKFILL_AUTO
2026-04-04 03:48:10,1775274490,BOOM900,9092.316,-1,0.0009999999983847374,BACKFILL_AUTO
2026-04-04 03:48:11,1775274491,BOOM900,9092.299,-1,0.016999999999825377,BACKFILL_AUTO
2026-04-04 03:48:12,1775274492,BOOM900,9092.298,-1,0.0010000000002037268,BACKFILL_AUTO
2026-04-04 03:48:13,1775274493,BOOM900,9092.29,-1,0.007999999999810825,BACKFILL_AUTO
2026-04-04 03:48:14,1775274494,BOOM900,9092.282,-1,0.008000000001629815,BACKFILL_AUTO
2026-04-04 03:48:15,1775274495,BOOM900,9092.266,-1,0.01599999999962165,BACKFILL_AUTO
2026-04-04 03:48:16,1775274496,BOOM900,9092.266,0,0.0,BACKFILL_AUTO
2026-04-04 03:48:17,1775274497,BOOM900,9092.259,-1,0.006999999999607098,BACKFILL_AUTO
2026-04-04 03:48:18,1775274498,BOOM900,9092.247,-1,0.012000000000625732,BACKFILL_AUTO
2026-04-04 03:48:19,1775274499,BOOM900,9092.244,-1,0.002999999998792191,BACKFILL_AUTO
2026-04-04 03:48:20,1775274500,BOOM900,9092.23,-1,0.014000000001033186,BACKFILL_AUTO
2026-04-04 03:48:21,1775274501,BOOM900,9092.219,-1,0.011000000000422006,BACKFILL_AUTO
2026-04-04 03:48:22,1775274502,BOOM900,9092.202,-1,0.016999999999825377,BACKFILL_AUTO
2026-04-04 03:48:23,1775274503,BOOM900,9092.202,0,0.0,BACKFILL_AUTO
2026-04-04 03:48:24,1775274504,BOOM900,9092.192,-1,0.010000000000218279,BACKFILL_AUTO
2026-04-04 03:48:25,1775274505,BOOM900,9092.191,-1,0.0009999999983847374,BACKFILL_AUTO
2026-04-04 03:48:26,1775274506,BOOM900,9092.186,-1,0.005000000001018634,BACKFILL_AUTO
2026-04-04 03:48:27,1775274507,BOOM900,9092.183,-1,0.002999999998792191,BACKFILL_AUTO
2026-04-04 03:48:28,1775274508,BOOM900,9092.178,-1,0.005000000001018634,BACKFILL_AUTO
2026-04-04 03:48:29,1775274509,BOOM900,9092.176,-1,0.0020000000004074536,BACKFILL_AUTO
2026-04-04 03:48:30,1775274510,BOOM900,9092.173,-1,0.002999999998792191,BACKFILL_AUTO
2026-04-04 03:48:31,1775274511,BOOM900,9092.156,-1,0.016999999999825377,BACKFILL_AUTO
2026-04-04 03:48:32,1775274512,BOOM900,9092.136,-1,0.020000000000436557,BACKFILL_AUTO
2026-04-04 03:48:33,1775274513,BOOM900,9092.133,-1,0.0030000000006111804,BACKFILL_AUTO
2026-04-04 03:48:34,1775274514,BOOM900,9092.13,-1,0.0030000000006111804,BACKFILL_AUTO
2026-04-04 03:48:35,1775274515,BOOM900,9092.123,-1,0.006999999999607098,BACKFILL_AUTO
2026-04-04 03:48:36,1775274516,BOOM900,9092.12,-1,0.002999999998792191,BACKFILL_AUTO
2026-04-04 03:48:37,1775274517,BOOM900,9092.111,-1,0.009000000000014552,BACKFILL_AUTO
2026-04-04 03:48:38,1775274518,BOOM900,9092.086,-1,0.02500000000145519,BACKFILL_AUTO
2026-04-04 03:48:39,1775274519,BOOM900,9092.081,-1,0.004999999999199645,BACKFILL_AUTO
2026-04-04 03:48:40,1775274520,BOOM900,9092.081,0,0.0,BACKFILL_AUTO
2026-04-04 03:48:41,1775274521,BOOM900,9092.073,-1,0.007999999999810825,BACKFILL_AUTO
2026-04-04 03:48:42,1775274522,BOOM900,9092.047,-1,0.02599999999983993,BACKFILL_AUTO
2026-04-04 03:48:43,1775274523,BOOM900,9092.036,-1,0.011000000000422006,BACKFILL_AUTO
2026-04-04 03:48:44,1775274524,BOOM900,9092.028,-1,0.007999999999810825,BACKFILL_AUTO
2026-04-04 03:48:45,1775274525,BOOM900,9092.011,-1,0.016999999999825377,BACKFILL_AUTO
2026-04-04 03:48:46,1775274526,BOOM900,9092.01,-1,0.0010000000002037268,BACKFILL_AUTO
2026-04-04 03:48:47,1775274527,BOOM900,9091.998,-1,0.012000000000625732,BACKFILL_AUTO
2026-04-04 03:48:48,1775274528,BOOM900,9091.991,-1,0.006999999999607098,BACKFILL_AUTO
2026-04-04 03:48:49,1775274529,BOOM900,9091.99,-1,0.0010000000002037268,BACKFILL_AUTO
2026-04-04 03:48:50,1775274530,BOOM900,9091.971,-1,0.01900000000023283,BACKFILL_AUTO
2026-04-04 03:48:51,1775274531,BOOM900,9091.971,0,0.0,BACKFILL_AUTO
2026-04-04 03:48:52,1775274532,BOOM900,9091.959,-1,0.011999999998806743,BACKFILL_AUTO
2026-04-04 03:48:53,1775274533,BOOM900,9091.943,-1,0.01600000000144064,BACKFILL_AUTO
2026-04-04 03:48:54,1775274534,BOOM900,9091.941,-1,0.0019999999985884642,BACKFILL_AUTO
2026-04-04 03:48:55,1775274535,BOOM900,9091.937,-1,0.004000000000814907,BACKFILL_AUTO
2026-04-04 03:48:56,1775274536,BOOM900,9091.935,-1,0.0020000000004074536,BACKFILL_AUTO
2026-04-04 03:48:57,1775274537,BOOM900,9091.918,-1,0.016999999999825377,BACKFILL_AUTO
2026-04-04 03:48:58,1775274538,BOOM900,9091.905,-1,0.01299999999901047,BACKFILL_AUTO
2026-04-04 03:48:59,1775274539,BOOM900,9091.897,-1,0.007999999999810825,BACKFILL_AUTO
2026-04-04 03:49:00,1775274540,BOOM900,9091.889,-1,0.008000000001629815,BACKFILL_AUTO
2026-04-04 03:49:01,1775274541,BOOM900,9091.889,0,0.0,BACKFILL_AUTO
2026-04-04 03:49:02,1775274542,BOOM900,9091.87,-1,0.01899999999841384,BACKFILL_AUTO
2026-04-04 03:49:03,1775274543,BOOM900,9091.866,-1,0.004000000000814907,BACKFILL_AUTO
2026-04-04 03:49:04,1775274544,BOOM900,9091.859,-1,0.006999999999607098,BACKFILL_AUTO
2026-04-04 03:49:05,1775274545,BOOM900,9091.85,-1,0.009000000000014552,BACKFILL_AUTO
2026-04-04 03:49:06,1775274546,BOOM900,9091.849,-1,0.0010000000002037268,BACKFILL_AUTO
2026-04-04 03:49:07,1775274547,BOOM900,9091.843,-1,0.0059999999994033715,BACKFILL_AUTO
2026-04-04 03:49:08,1775274548,BOOM900,9091.828,-1,0.015000000001236913,BACKFILL_AUTO
2026-04-04 03:49:09,1775274549,BOOM900,9091.819,-1,0.009000000000014552,BACKFILL_AUTO
2026-04-04 03:49:10,1775274550,BOOM900,9091.802,-1,0.016999999999825377,BACKFILL_AUTO
2026-04-04 03:49:11,1775274551,BOOM900,9091.795,-1,0.006999999999607098,BACKFILL_AUTO
2026-04-04 03:49:12,1775274552,BOOM900,9091.793,-1,0.0020000000004074536,BACKFILL_AUTO
2026-04-04 03:49:13,1775274553,BOOM900,9091.768,-1,0.024999999999636202,BACKFILL_AUTO
2026-04-04 03:49:14,1775274554,BOOM900,9091.748,-1,0.020000000000436557,BACKFILL_AUTO
2026-04-04 03:49:15,1775274555,BOOM900,9091.747,-1,0.0010000000002037268,BACKFILL_AUTO
2026-04-04 03:49:16,1775274556,BOOM900,9091.741,-1,0.0059999999994033715,BACKFILL_AUTO
2026-04-04 03:49:17,1775274557,BOOM900,9091.728,-1,0.01300000000082946,BACKFILL_AUTO
2026-04-04 03:49:18,1775274558,BOOM900,9091.721,-1,0.006999999999607098,BACKFILL_AUTO
2026-04-04 03:49:19,1775274559,BOOM900,9091.701,-1,0.020000000000436557,BACKFILL_AUTO
2026-04-04 03:49:20,1775274560,BOOM900,9091.698,-1,0.002999999998792191,BACKFILL_AUTO
2026-04-04 03:49:21,1775274561,BOOM900,9091.689,-1,0.009000000000014552,BACKFILL_AUTO
2026-04-04 03:49:22,1775274562,BOOM900,9091.672,-1,0.016999999999825377,BACKFILL_AUTO
2026-04-04 03:49:23,1775274563,BOOM900,9091.67,-1,0.0020000000004074536,BACKFILL_AUTO
2026-04-04 03:49:24,1775274564,BOOM900,9091.668,-1,0.0020000000004074536,BACKFILL_AUTO
2026-04-04 03:49:25,1775274565,BOOM900,9091.667,-1,0.0010000000002037268,BACKFILL_AUTO
2026-04-04 03:49:26,1775274566,BOOM900,9091.661,-1,0.0059999999994033715,BACKFILL_AUTO
2026-04-04 03:49:27,1775274567,BOOM900,9091.66,-1,0.0010000000002037268,BACKFILL_AUTO
2026-04-04 03:49:28,1775274568,BOOM900,9091.652,-1,0.007999999999810825,BACKFILL_AUTO
2026-04-04 03:49:29,1775274569,BOOM900,9091.652,0,0.0,BACKFILL_AUTO
2026-04-04 03:49:30,1775274570,BOOM900,9091.636,-1,0.01599999999962165,BACKFILL_AUTO
2026-04-04 03:49:31,1775274571,BOOM900,9091.623,-1,0.01300000000082946,BACKFILL_AUTO
2026-04-04 03:49:32,1775274572,BOOM900,9091.612,-1,0.011000000000422006,BACKFILL_AUTO
2026-04-04 03:49:33,1775274573,BOOM900,9091.607,-1,0.004999999999199645,BACKFILL_AUTO
2026-04-04 03:49:34,1775274574,BOOM900,9091.602,-1,0.004999999999199645,BACKFILL_AUTO
2026-04-04 03:49:35,1775274575,BOOM900,9091.602,0,0.0,BACKFILL_AUTO
2026-04-04 03:49:36,1775274576,BOOM900,9091.598,-1,0.004000000000814907,BACKFILL_AUTO
2026-04-04 03:49:37,1775274577,BOOM900,9091.595,-1,0.0030000000006111804,BACKFILL_AUTO
2026-04-04 03:49:38,1775274578,BOOM900,9091.58,-1,0.014999999999417923,BACKFILL_AUTO
2026-04-04 03:49:39,1775274579,BOOM900,9091.572,-1,0.007999999999810825,BACKFILL_AUTO
2026-04-04 03:49:40,1775274580,BOOM900,9091.565,-1,0.006999999999607098,BACKFILL_AUTO
2026-04-04 03:49:41,1775274581,BOOM900,9091.552,-1,0.01300000000082946,BACKFILL_AUTO
2026-04-04 03:49:42,1775274582,BOOM900,9091.548,-1,0.003999999998995918,BACKFILL_AUTO
2026-04-04 03:49:43,1775274583,BOOM900,9091.545,-1,0.0030000000006111804,BACKFILL_AUTO
2026-04-04 03:49:44,1775274584,BOOM900,9091.524,-1,0.021000000000640284,BACKFILL_AUTO
2026-04-04 03:49:45,1775274585,BOOM900,9091.519,-1,0.004999999999199645,BACKFILL_AUTO
2026-04-04 03:49:46,1775274586,BOOM900,9091.511,-1,0.007999999999810825,BACKFILL_AUTO
2026-04-04 03:49:47,1775274587,BOOM900,9091.496,-1,0.015000000001236913,BACKFILL_AUTO
2026-04-04 03:49:48,1775274588,BOOM900,9091.494,-1,0.0019999999985884642,BACKFILL_AUTO
2026-04-04 03:49:49,1775274589,BOOM900,9091.475,-1,0.01900000000023283,BACKFILL_AUTO
2026-04-04 03:49:50,1775274590,BOOM900,9091.453,-1,0.02200000000084401,BACKFILL_AUTO
2026-04-04 03:49:51,1775274591,BOOM900,9091.448,-1,0.004999999999199645,BACKFILL_AUTO
2026-04-04 03:49:52,1775274592,BOOM900,9091.431,-1,0.016999999999825377,BACKFILL_AUTO
2026-04-04 03:49:53,1775274593,BOOM900,9091.418,-1,0.01300000000082946,BACKFILL_AUTO
2026-04-04 03:49:54,1775274594,BOOM900,9091.409,-1,0.009000000000014552,BACKFILL_AUTO
2026-04-04 03:49:55,1775274595,BOOM900,9091.393,-1,0.01599999999962165,BACKFILL_AUTO
2026-04-04 03:49:56,1775274596,BOOM900,9091.376,-1,0.016999999999825377,BACKFILL_AUTO
2026-04-04 03:49:57,1775274597,BOOM900,9091.37,-1,0.0059999999994033715,BACKFILL_AUTO
2026-04-04 03:49:58,1775274598,BOOM900,9091.364,-1,0.006000000001222361,BACKFILL_AUTO
2026-04-04 03:49:59,1775274599,BOOM900,9091.343,-1,0.020999999998821295,BACKFILL_AUTO
2026-04-04 03:50:00,1775274600,BOOM900,9091.331,-1,0.012000000000625732,BACKFILL_AUTO
2026-04-04 03:50:01,1775274601,BOOM900,9091.329,-1,0.0020000000004074536,BACKFILL_AUTO
2026-04-04 03:50:02,1775274602,BOOM900,9091.308,-1,0.020999999998821295,BACKFILL_AUTO
2026-04-04 03:50:03,1775274603,BOOM900,9091.292,-1,0.01600000000144064,BACKFILL_AUTO
2026-04-04 03:50:04,1775274604,BOOM900,9091.279,-1,0.01299999999901047,BACKFILL_AUTO
2026-04-04 03:50:05,1775274605,BOOM900,9091.279,0,0.0,BACKFILL_AUTO
2026-04-04 03:50:06,1775274606,BOOM900,9091.266,-1,0.01300000000082946,BACKFILL_AUTO
2026-04-04 03:50:07,1775274607,BOOM900,9091.25,-1,0.01599999999962165,BACKFILL_AUTO
2026-04-04 03:50:08,1775274608,BOOM900,9091.244,-1,0.0059999999994033715,BACKFILL_AUTO
2026-04-04 03:50:09,1775274609,BOOM900,9091.242,-1,0.0020000000004074536,BACKFILL_AUTO
2026-04-04 03:50:10,1775274610,BOOM900,9091.23,-1,0.012000000000625732,BACKFILL_AUTO
2026-04-04 03:50:11,1775274611,BOOM900,9091.219,-1,0.011000000000422006,BACKFILL_AUTO
2026-04-04 03:50:12,1775274612,BOOM900,9091.208,-1,0.010999999998603016,BACKFILL_AUTO
2026-04-04 03:50:13,1775274613,BOOM900,9091.207,-1,0.0010000000002037268,BACKFILL_AUTO
2026-04-04 03:50:14,1775274614,BOOM900,9091.193,-1,0.014000000001033186,BACKFILL_AUTO
2026-04-04 03:50:15,1775274615,BOOM900,9091.188,-1,0.004999999999199645,BACKFILL_AUTO
2026-04-04 03:50:16,1775274616,BOOM900,9091.185,-1,0.0030000000006111804,BACKFILL_AUTO
2026-04-04 03:50:17,1775274617,BOOM900,9091.173,-1,0.011999999998806743,BACKFILL_AUTO
2026-04-04 03:50:18,1775274618,BOOM900,9091.162,-1,0.011000000000422006,BACKFILL_AUTO
2026-04-04 03:50:19,1775274619,BOOM900,9091.157,-1,0.005000000001018634,BACKFILL_AUTO
2026-04-04 03:50:20,1775274620,BOOM900,9091.153,-1,0.003999999998995918,BACKFILL_AUTO
2026-04-04 03:50:21,1775274621,BOOM900,9091.147,-1,0.0059999999994033715,BACKFILL_AUTO
2026-04-04 03:50:22,1775274622,BOOM900,9091.144,-1,0.0030000000006111804,BACKFILL_AUTO
2026-04-04 03:50:23,1775274623,BOOM900,9091.123,-1,0.021000000000640284,BACKFILL_AUTO
2026-04-04 03:50:24,1775274624,BOOM900,9091.118,-1,0.004999999999199645,BACKFILL_AUTO
2026-04-04 03:50:25,1775274625,BOOM900,9091.11,-1,0.007999999999810825,BACKFILL_AUTO
2026-04-04 03:50:26,1775274626,BOOM900,9091.093,-1,0.016999999999825377,BACKFILL_AUTO
2026-04-04 03:50:27,1775274627,BOOM900,9091.081,-1,0.012000000000625732,BACKFILL_AUTO
2026-04-04 03:50:28,1775274628,BOOM900,9091.073,-1,0.007999999999810825,BACKFILL_AUTO
2026-04-04 03:50:29,1775274629,BOOM900,9091.057,-1,0.01599999999962165,BACKFILL_AUTO
2026-04-04 03:50:30,1775274630,BOOM900,9091.039,-1,0.018000000000029104,BACKFILL_AUTO
2026-04-04 03:50:31,1775274631,BOOM900,9091.036,-1,0.0030000000006111804,BACKFILL_AUTO
2026-04-04 03:50:32,1775274632,BOOM900,9091.034,-1,0.0020000000004074536,BACKFILL_AUTO
2026-04-04 03:50:33,1775274633,BOOM900,9091.03,-1,0.003999999998995918,BACKFILL_AUTO
2026-04-04 03:50:34,1775274634,BOOM900,9091.014,-1,0.01600000000144064,BACKFILL_AUTO
2026-04-04 03:50:35,1775274635,BOOM900,9091.007,-1,0.006999999999607098,BACKFILL_AUTO
2026-04-04 03:50:36,1775274636,BOOM900,9091.0,-1,0.006999999999607098,BACKFILL_AUTO
2026-04-04 03:50:37,1775274637,BOOM900,9090.985,-1,0.014999999999417923,BACKFILL_AUTO
2026-04-04 03:50:38,1775274638,BOOM900,9090.975,-1,0.010000000000218279,BACKFILL_AUTO
2026-04-04 03:50:39,1775274639,BOOM900,9090.972,-1,0.0030000000006111804,BACKFILL_AUTO
2026-04-04 03:50:40,1775274640,BOOM900,9090.953,-1,0.01900000000023283,BACKFILL_AUTO
2026-04-04 03:50:41,1775274641,BOOM900,9090.938,-1,0.014999999999417923,BACKFILL_AUTO
2026-04-04 03:50:42,1775274642,BOOM900,9090.926,-1,0.012000000000625732,BACKFILL_AUTO
2026-04-04 03:50:43,1775274643,BOOM900,9090.922,-1,0.003999999998995918,BACKFILL_AUTO
2026-04-04 03:50:44,1775274644,BOOM900,9090.91,-1,0.012000000000625732,BACKFILL_AUTO
2026-04-04 03:50:45,1775274645,BOOM900,9090.901,-1,0.009000000000014552,BACKFILL_AUTO
2026-04-04 03:50:46,1775274646,BOOM900,9090.884,-1,0.016999999999825377,BACKFILL_AUTO
2026-04-04 03:50:47,1775274647,BOOM900,9090.879,-1,0.004999999999199645,BACKFILL_AUTO
2026-04-04 03:50:48,1775274648,BOOM900,9090.879,0,0.0,BACKFILL_AUTO
2026-04-04 03:50:49,1775274649,BOOM900,9090.873,-1,0.006000000001222361,BACKFILL_AUTO
2026-04-04 03:50:50,1775274650,BOOM900,9090.858,-1,0.014999999999417923,BACKFILL_AUTO
2026-04-04 03:50:51,1775274651,BOOM900,9090.84,-1,0.018000000000029104,BACKFILL_AUTO
2026-04-04 03:50:52,1775274652,BOOM900,9090.832,-1,0.007999999999810825,BACKFILL_AUTO
2026-04-04 03:50:53,1775274653,BOOM900,9090.817,-1,0.015000000001236913,BACKFILL_AUTO
2026-04-04 03:50:54,1775274654,BOOM900,9090.813,-1,0.003999999998995918,BACKFILL_AUTO
2026-04-04 03:50:55,1775274655,BOOM900,9090.805,-1,0.007999999999810825,BACKFILL_AUTO
2026-04-04 03:50:56,1775274656,BOOM900,9090.783,-1,0.02200000000084401,BACKFILL_AUTO
2026-04-04 03:50:57,1775274657,BOOM900,9090.767,-1,0.01599999999962165,BACKFILL_AUTO
2026-04-04 03:50:58,1775274658,BOOM900,9090.754,-1,0.01299999999901047,BACKFILL_AUTO
2026-04-04 03:50:59,1775274659,BOOM900,9090.727,-1,0.027000000000043656,BACKFILL_AUTO
2026-04-04 03:51:00,1775274660,BOOM900,9090.715,-1,0.012000000000625732,BACKFILL_AUTO
2026-04-04 03:51:01,1775274661,BOOM900,9090.712,-1,0.0030000000006111804,BACKFILL_AUTO
2026-04-04 03:51:02,1775274662,BOOM900,9090.701,-1,0.011000000000422006,BACKFILL_AUTO
2026-04-04 03:51:03,1775274663,BOOM900,9090.694,-1,0.006999999999607098,BACKFILL_AUTO
2026-04-04 03:51:04,1775274664,BOOM900,9090.689,-1,0.004999999999199645,BACKFILL_AUTO
2026-04-04 03:51:05,1775274665,BOOM900,9090.685,-1,0.004000000000814907,BACKFILL_AUTO
2026-04-04 03:51:06,1775274666,BOOM900,9090.677,-1,0.007999999999810825,BACKFILL_AUTO
2026-04-04 03:51:07,1775274667,BOOM900,9090.67,-1,0.006999999999607098,BACKFILL_AUTO
2026-04-04 03:51:08,1775274668,BOOM900,9090.666,-1,0.004000000000814907,BACKFILL_AUTO
2026-04-04 03:51:09,1775274669,BOOM900,9090.648,-1,0.018000000000029104,BACKFILL_AUTO
2026-04-04 03:51:10,1775274670,BOOM900,9090.635,-1,0.01299999999901047,BACKFILL_AUTO
2026-04-04 03:51:11,1775274671,BOOM900,9090.628,-1,0.006999999999607098,BACKFILL_AUTO
2026-04-04 03:51:12,1775274672,BOOM900,9090.611,-1,0.016999999999825377,BACKFILL_AUTO
2026-04-04 03:51:13,1775274673,BOOM900,9090.585,-1,0.02600000000165892,BACKFILL_AUTO
2026-04-04 03:51:14,1775274674,BOOM900,9090.583,-1,0.0019999999985884642,BACKFILL_AUTO
2026-04-04 03:51:15,1775274675,BOOM900,9090.563,-1,0.020000000000436557,BACKFILL_AUTO
2026-04-04 03:51:16,1775274676,BOOM900,9090.559,-1,0.004000000000814907,BACKFILL_AUTO
2026-04-04 03:51:17,1775274677,BOOM900,9090.538,-1,0.020999999998821295,BACKFILL_AUTO
2026-04-04 03:51:18,1775274678,BOOM900,9090.535,-1,0.0030000000006111804,BACKFILL_AUTO
2026-04-04 03:51:19,1775274679,BOOM900,9090.525,-1,0.010000000000218279,BACKFILL_AUTO
2026-04-04 03:51:20,1775274680,BOOM900,9090.522,-1,0.002999999998792191,BACKFILL_AUTO
2026-04-04 03:51:21,1775274681,BOOM900,9090.515,-1,0.007000000001426088,BACKFILL_AUTO
2026-04-04 03:51:22,1775274682,BOOM900,9090.479,-1,0.03600000000005821,BACKFILL_AUTO
2026-04-04 03:51:23,1775274683,BOOM900,9090.462,-1,0.016999999999825377,BACKFILL_AUTO
2026-04-04 03:51:24,1775274684,BOOM900,9090.448,-1,0.013999999999214197,BACKFILL_AUTO
2026-04-04 03:51:25,1775274685,BOOM900,9090.421,-1,0.027000000000043656,BACKFILL_AUTO
2026-04-04 03:51:26,1775274686,BOOM900,9090.381,-1,0.040000000000873115,BACKFILL_AUTO
2026-04-04 03:51:27,1775274687,BOOM900,9090.38,-1,0.0010000000002037268,BACKFILL_AUTO
2026-04-04 03:51:28,1775274688,BOOM900,9090.375,-1,0.004999999999199645,BACKFILL_AUTO
2026-04-04 03:51:29,1775274689,BOOM900,9090.369,-1,0.0059999999994033715,BACKFILL_AUTO
2026-04-04 03:51:30,1775274690,BOOM900,9090.359,-1,0.010000000000218279,BACKFILL_AUTO
2026-04-04 03:51:31,1775274691,BOOM900,9090.348,-1,0.011000000000422006,BACKFILL_AUTO
2026-04-04 03:51:32,1775274692,BOOM900,9090.344,-1,0.004000000000814907,BACKFILL_AUTO
2026-04-04 03:51:33,1775274693,BOOM900,9090.336,-1,0.007999999999810825,BACKFILL_AUTO
2026-04-04 03:51:34,1775274694,BOOM900,9090.321,-1,0.014999999999417923,BACKFILL_AUTO
2026-04-04 03:51:35,1775274695,BOOM900,9090.307,-1,0.013999999999214197,BACKFILL_AUTO
2026-04-04 03:51:36,1775274696,BOOM900,9090.289,-1,0.018000000000029104,BACKFILL_AUTO
2026-04-04 03:51:37,1775274697,BOOM900,9090.282,-1,0.007000000001426088,BACKFILL_AUTO
2026-04-04 03:51:38,1775274698,BOOM900,9090.277,-1,0.004999999999199645,BACKFILL_AUTO
2026-04-04 03:51:39,1775274699,BOOM900,9090.27,-1,0.006999999999607098,BACKFILL_AUTO
2026-04-04 03:51:40,1775274700,BOOM900,9090.268,-1,0.0020000000004074536,BACKFILL_AUTO
2026-04-04 03:51:41,1775274701,BOOM900,9090.264,-1,0.004000000000814907,BACKFILL_AUTO
2026-04-04 03:51:42,1775274702,BOOM900,9090.26,-1,0.003999999998995918,BACKFILL_AUTO
2026-04-04 03:51:43,1775274703,BOOM900,9090.242,-1,0.018000000000029104,BACKFILL_AUTO
2026-04-04 03:51:44,1775274704,BOOM900,9090.217,-1,0.024999999999636202,BACKFILL_AUTO
2026-04-04 03:51:45,1775274705,BOOM900,9090.205,-1,0.012000000000625732,BACKFILL_AUTO
2026-04-04 03:51:46,1775274706,BOOM900,9090.203,-1,0.0020000000004074536,BACKFILL_AUTO
2026-04-04 03:51:47,1775274707,BOOM900,9090.188,-1,0.014999999999417923,BACKFILL_AUTO
2026-04-04 03:51:48,1775274708,BOOM900,9090.178,-1,0.010000000000218279,BACKFILL_AUTO
2026-04-04 03:51:49,1775274709,BOOM900,9090.167,-1,0.011000000000422006,BACKFILL_AUTO
2026-04-04 03:51:50,1775274710,BOOM900,9090.154,-1,0.01299999999901047,BACKFILL_AUTO
2026-04-04 03:51:51,1775274711,BOOM900,9090.153,-1,0.0010000000002037268,BACKFILL_AUTO
2026-04-04 03:51:52,1775274712,BOOM900,9090.139,-1,0.014000000001033186,BACKFILL_AUTO
2026-04-04 03:51:53,1775274713,BOOM900,9090.119,-1,0.019999999998617568,BACKFILL_AUTO
2026-04-04 03:51:54,1775274714,BOOM900,9090.105,-1,0.014000000001033186,BACKFILL_AUTO
2026-04-04 03:51:55,1775274715,BOOM900,9090.1,-1,0.004999999999199645,BACKFILL_AUTO
2026-04-04 03:51:56,1775274716,BOOM900,9090.082,-1,0.018000000000029104,BACKFILL_AUTO
2026-04-04 03:51:57,1775274717,BOOM900,9090.077,-1,0.005000000001018634,BACKFILL_AUTO
2026-04-04 03:51:58,1775274718,BOOM900,9090.06,-1,0.016999999999825377,BACKFILL_AUTO
2026-04-04 03:51:59,1775274719,BOOM900,9090.045,-1,0.014999999999417923,BACKFILL_AUTO
2026-04-04 03:52:00,1775274720,BOOM900,9090.029,-1,0.01599999999962165,BACKFILL_AUTO
2026-04-04 03:52:01,1775274721,BOOM900,9090.012,-1,0.016999999999825377,BACKFILL_AUTO
2026-04-04 03:52:02,1775274722,BOOM900,9090.007,-1,0.005000000001018634,BACKFILL_AUTO
2026-04-04 03:52:03,1775274723,BOOM900,9090.002,-1,0.004999999999199645,BACKFILL_AUTO
2026-04-04 03:52:04,1775274724,BOOM900,9089.984,-1,0.018000000000029104,BACKFILL_AUTO
2026-04-04 03:52:05,1775274725,BOOM900,9089.981,-1,0.0030000000006111804,BACKFILL_AUTO
2026-04-04 03:52:06,1775274726,BOOM900,9089.973,-1,0.007999999999810825,BACKFILL_AUTO
2026-04-04 03:52:07,1775274727,BOOM900,9089.964,-1,0.009000000000014552,BACKFILL_AUTO
2026-04-04 03:52:08,1775274728,BOOM900,9089.962,-1,0.0020000000004074536,BACKFILL_AUTO
2026-04-04 03:52:09,1775274729,BOOM900,9089.951,-1,0.011000000000422006,BACKFILL_AUTO
2026-04-04 03:52:10,1775274730,BOOM900,9089.947,-1,0.003999999998995918,BACKFILL_AUTO
2026-04-04 03:52:11,1775274731,BOOM900,9089.937,-1,0.010000000000218279,BACKFILL_AUTO
2026-04-04 03:52:12,1775274732,BOOM900,9089.928,-1,0.009000000000014552,BACKFILL_AUTO
2026-04-04 03:52:13,1775274733,BOOM900,9089.928,0,0.0,BACKFILL_AUTO
2026-04-04 03:52:14,1775274734,BOOM900,9089.901,-1,0.027000000000043656,BACKFILL_AUTO
2026-04-04 03:52:15,1775274735,BOOM900,9089.9,-1,0.0010000000002037268,BACKFILL_AUTO
2026-04-04 03:52:16,1775274736,BOOM900,9089.892,-1,0.007999999999810825,BACKFILL_AUTO
2026-04-04 03:52:17,1775274737,BOOM900,9089.89,-1,0.0020000000004074536,BACKFILL_AUTO
2026-04-04 03:52:18,1775274738,BOOM900,9089.879,-1,0.010999999998603016,BACKFILL_AUTO
2026-04-04 03:52:19,1775274739,BOOM900,9089.879,0,0.0,BACKFILL_AUTO
2026-04-04 03:52:20,1775274740,BOOM900,9089.861,-1,0.018000000000029104,BACKFILL_AUTO
2026-04-04 03:52:21,1775274741,BOOM900,9089.848,-1,0.01300000000082946,BACKFILL_AUTO
2026-04-04 03:52:22,1775274742,BOOM900,9089.818,-1,0.030000000000654836,BACKFILL_AUTO
2026-04-04 03:52:23,1775274743,BOOM900,9089.815,-1,0.002999999998792191,BACKFILL_AUTO
2026-04-04 03:52:24,1775274744,BOOM900,9089.814,-1,0.0010000000002037268,BACKFILL_AUTO
2026-04-04 03:52:25,1775274745,BOOM900,9089.792,-1,0.02200000000084401,BACKFILL_AUTO
2026-04-04 03:52:26,1775274746,BOOM900,9089.771,-1,0.020999999998821295,BACKFILL_AUTO
2026-04-04 03:52:27,1775274747,BOOM900,9089.766,-1,0.005000000001018634,BACKFILL_AUTO
2026-04-04 03:52:28,1775274748,BOOM900,9089.761,-1,0.004999999999199645,BACKFILL_AUTO
2026-04-04 03:52:29,1775274749,BOOM900,9089.754,-1,0.006999999999607098,BACKFILL_AUTO
2026-04-04 03:52:30,1775274750,BOOM900,9089.749,-1,0.005000000001018634,BACKFILL_AUTO
2026-04-04 03:52:31,1775274751,BOOM900,9089.734,-1,0.014999999999417923,BACKFILL_AUTO
2026-04-04 03:52:32,1775274752,BOOM900,9089.724,-1,0.010000000000218279,BACKFILL_AUTO
2026-04-04 03:52:33,1775274753,BOOM900,9089.705,-1,0.01900000000023283,BACKFILL_AUTO
2026-04-04 03:52:34,1775274754,BOOM900,9089.69,-1,0.014999999999417923,BACKFILL_AUTO
2026-04-04 03:52:35,1775274755,BOOM900,9089.68,-1,0.010000000000218279,BACKFILL_AUTO
2026-04-04 03:52:36,1775274756,BOOM900,9089.671,-1,0.009000000000014552,BACKFILL_AUTO
2026-04-04 03:52:37,1775274757,BOOM900,9089.651,-1,0.020000000000436557,BACKFILL_AUTO
2026-04-04 03:52:38,1775274758,BOOM900,9089.635,-1,0.01599999999962165,BACKFILL_AUTO
2026-04-04 03:52:39,1775274759,BOOM900,9089.622,-1,0.01300000000082946,BACKFILL_AUTO
2026-04-04 03:52:40,1775274760,BOOM900,9089.617,-1,0.004999999999199645,BACKFILL_AUTO
2026-04-04 03:52:41,1775274761,BOOM900,9089.611,-1,0.0059999999994033715,BACKFILL_AUTO
2026-04-04 03:52:42,1775274762,BOOM900,9089.584,-1,0.027000000000043656,BACKFILL_AUTO
2026-04-04 03:52:43,1775274763,BOOM900,9089.578,-1,0.006000000001222361,BACKFILL_AUTO
2026-04-04 03:52:44,1775274764,BOOM900,9089.574,-1,0.003999999998995918,BACKFILL_AUTO
2026-04-04 03:52:45,1775274765,BOOM900,9089.572,-1,0.0020000000004074536,BACKFILL_AUTO
2026-04-04 03:52:46,1775274766,BOOM900,9089.568,-1,0.004000000000814907,BACKFILL_AUTO
2026-04-04 03:52:47,1775274767,BOOM900,9089.566,-1,0.0019999999985884642,BACKFILL_AUTO
2026-04-04 03:52:48,1775274768,BOOM900,9089.559,-1,0.007000000001426088,BACKFILL_AUTO
2026-04-04 03:52:49,1775274769,BOOM900,9089.554,-1,0.004999999999199645,BACKFILL_AUTO
2026-04-04 03:52:50,1775274770,BOOM900,9089.552,-1,0.0020000000004074536,BACKFILL_AUTO
2026-04-04 03:52:51,1775274771,BOOM900,9089.541,-1,0.011000000000422006,BACKFILL_AUTO
2026-04-04 03:52:52,1775274772,BOOM900,9089.528,-1,0.01299999999901047,BACKFILL_AUTO
2026-04-04 03:52:53,1775274773,BOOM900,9089.512,-1,0.01599999999962165,BACKFILL_AUTO
2026-04-04 03:52:54,1775274774,BOOM900,9089.507,-1,0.005000000001018634,BACKFILL_AUTO
2026-04-04 03:52:55,1775274775,BOOM900,9089.486,-1,0.020999999998821295,BACKFILL_AUTO
2026-04-04 03:52:56,1775274776,BOOM900,9089.485,-1,0.0010000000002037268,BACKFILL_AUTO
2026-04-04 03:52:57,1775274777,BOOM900,9089.482,-1,0.0030000000006111804,BACKFILL_AUTO
2026-04-04 03:52:58,1775274778,BOOM900,9089.48,-1,0.0020000000004074536,BACKFILL_AUTO
2026-04-04 03:52:59,1775274779,BOOM900,9089.456,-1,0.023999999999432475,BACKFILL_AUTO
2026-04-04 03:53:00,1775274780,BOOM900,9089.448,-1,0.007999999999810825,BACKFILL_AUTO
2026-04-04 03:53:01,1775274781,BOOM900,9089.427,-1,0.021000000000640284,BACKFILL_AUTO
2026-04-04 03:53:02,1775274782,BOOM900,9089.412,-1,0.014999999999417923,BACKFILL_AUTO
2026-04-04 03:53:03,1775274783,BOOM900,9089.412,0,0.0,BACKFILL_AUTO
2026-04-04 03:53:04,1775274784,BOOM900,9089.412,0,0.0,BACKFILL_AUTO
2026-04-04 03:53:05,1775274785,BOOM900,9089.403,-1,0.009000000000014552,BACKFILL_AUTO
2026-04-04 03:53:06,1775274786,BOOM900,9089.4,-1,0.0030000000006111804,BACKFILL_AUTO
2026-04-04 03:53:07,1775274787,BOOM900,9089.385,-1,0.014999999999417923,BACKFILL_AUTO
2026-04-04 03:53:08,1775274788,BOOM900,9089.356,-1,0.02900000000045111,BACKFILL_AUTO
2026-04-04 03:53:09,1775274789,BOOM900,9089.333,-1,0.02299999999922875,BACKFILL_AUTO
2026-04-04 03:53:10,1775274790,BOOM900,9089.319,-1,0.014000000001033186,BACKFILL_AUTO
2026-04-04 03:53:11,1775274791,BOOM900,9089.316,-1,0.002999999998792191,BACKFILL_AUTO
2026-04-04 03:53:12,1775274792,BOOM900,9089.312,-1,0.004000000000814907,BACKFILL_AUTO
2026-04-04 03:53:13,1775274793,BOOM900,9089.306,-1,0.0059999999994033715,BACKFILL_AUTO
2026-04-04 03:53:14,1775274794,BOOM900,9089.302,-1,0.004000000000814907,BACKFILL_AUTO
2026-04-04 03:53:15,1775274795,BOOM900,9089.295,-1,0.006999999999607098,BACKFILL_AUTO
2026-04-04 03:53:16,1775274796,BOOM900,9089.276,-1,0.01900000000023283,BACKFILL_AUTO
2026-04-04 03:53:17,1775274797,BOOM900,9089.271,-1,0.004999999999199645,BACKFILL_AUTO
2026-04-04 03:53:18,1775274798,BOOM900,9089.259,-1,0.012000000000625732,BACKFILL_AUTO
2026-04-04 03:53:19,1775274799,BOOM900,9089.255,-1,0.004000000000814907,BACKFILL_AUTO
2026-04-04 03:53:20,1775274800,BOOM900,9089.243,-1,0.011999999998806743,BACKFILL_AUTO
2026-04-04 03:53:21,1775274801,BOOM900,9089.227,-1,0.01599999999962165,BACKFILL_AUTO
2026-04-04 03:53:22,1775274802,BOOM900,9089.224,-1,0.0030000000006111804,BACKFILL_AUTO
2026-04-04 03:53:23,1775274803,BOOM900,9089.206,-1,0.018000000000029104,BACKFILL_AUTO
2026-04-04 03:53:24,1775274804,BOOM900,9089.201,-1,0.005000000001018634,BACKFILL_AUTO
2026-04-04 03:53:25,1775274805,BOOM900,9089.195,-1,0.0059999999994033715,BACKFILL_AUTO
2026-04-04 03:53:26,1775274806,BOOM900,9089.169,-1,0.02599999999983993,BACKFILL_AUTO
2026-04-04 03:53:27,1775274807,BOOM900,9089.158,-1,0.011000000000422006,BACKFILL_AUTO
2026-04-04 03:53:28,1775274808,BOOM900,9089.155,-1,0.002999999998792191,BACKFILL_AUTO
2026-04-04 03:53:29,1775274809,BOOM900,9089.141,-1,0.014000000001033186,BACKFILL_AUTO
2026-04-04 03:53:30,1775274810,BOOM900,9089.139,-1,0.0020000000004074536,BACKFILL_AUTO
2026-04-04 03:53:31,1775274811,BOOM900,9089.132,-1,0.006999999999607098,BACKFILL_AUTO
2026-04-04 03:53:32,1775274812,BOOM900,9089.123,-1,0.009000000000014552,BACKFILL_AUTO
2026-04-04 03:53:33,1775274813,BOOM900,9089.115,-1,0.007999999999810825,BACKFILL_AUTO
2026-04-04 03:53:34,1775274814,BOOM900,9089.086,-1,0.02900000000045111,BACKFILL_AUTO
2026-04-04 03:53:35,1775274815,BOOM900,9089.08,-1,0.0059999999994033715,BACKFILL_AUTO
2026-04-04 03:53:36,1775274816,BOOM900,9089.071,-1,0.009000000000014552,BACKFILL_AUTO
2026-04-04 03:53:37,1775274817,BOOM900,9089.064,-1,0.006999999999607098,BACKFILL_AUTO
2026-04-04 03:53:38,1775274818,BOOM900,9089.063,-1,0.0010000000002037268,BACKFILL_AUTO
2026-04-04 03:53:39,1775274819,BOOM900,9089.047,-1,0.01599999999962165,BACKFILL_AUTO
2026-04-04 03:53:40,1775274820,BOOM900,9089.042,-1,0.005000000001018634,BACKFILL_AUTO
2026-04-04 03:53:41,1775274821,BOOM900,9089.039,-1,0.002999999998792191,BACKFILL_AUTO
2026-04-04 03:53:42,1775274822,BOOM900,9089.028,-1,0.011000000000422006,BACKFILL_AUTO
2026-04-04 03:53:43,1775274823,BOOM900,9089.019,-1,0.009000000000014552,BACKFILL_AUTO
2026-04-04 03:53:44,1775274824,BOOM900,9089.001,-1,0.018000000000029104,BACKFILL_AUTO
2026-04-04 03:53:45,1775274825,BOOM900,9088.998,-1,0.0030000000006111804,BACKFILL_AUTO
2026-04-04 03:53:46,1775274826,BOOM900,9088.99,-1,0.007999999999810825,BACKFILL_AUTO
2026-04-04 03:53:47,1775274827,BOOM900,9088.989,-1,0.0010000000002037268,BACKFILL_AUTO
2026-04-04 03:53:48,1775274828,BOOM900,9088.983,-1,0.0059999999994033715,BACKFILL_AUTO
2026-04-04 03:53:49,1775274829,BOOM900,9088.969,-1,0.014000000001033186,BACKFILL_AUTO
2026-04-04 03:53:50,1775274830,BOOM900,9088.96,-1,0.009000000000014552,BACKFILL_AUTO
2026-04-04 03:53:51,1775274831,BOOM900,9088.952,-1,0.007999999999810825,BACKFILL_AUTO
2026-04-04 03:53:52,1775274832,BOOM900,9088.947,-1,0.004999999999199645,BACKFILL_AUTO
2026-04-04 03:53:53,1775274833,BOOM900,9088.929,-1,0.018000000000029104,BACKFILL_AUTO
2026-04-04 03:53:54,1775274834,BOOM900,9088.923,-1,0.0059999999994033715,BACKFILL_AUTO
2026-04-04 03:53:55,1775274835,BOOM900,9088.918,-1,0.005000000001018634,BACKFILL_AUTO
2026-04-04 03:53:56,1775274836,BOOM900,9088.91,-1,0.007999999999810825,BACKFILL_AUTO
2026-04-04 03:53:57,1775274837,BOOM900,9088.909,-1,0.0010000000002037268,BACKFILL_AUTO
2026-04-04 03:53:58,1775274838,BOOM900,9088.896,-1,0.01299999999901047,BACKFILL_AUTO
2026-04-04 03:53:59,1775274839,BOOM900,9088.889,-1,0.007000000001426088,BACKFILL_AUTO
2026-04-04 03:54:00,1775274840,BOOM900,9088.866,-1,0.02299999999922875,BACKFILL_AUTO
2026-04-04 03:54:01,1775274841,BOOM900,9088.844,-1,0.02200000000084401,BACKFILL_AUTO
2026-04-04 03:54:02,1775274842,BOOM900,9088.839,-1,0.004999999999199645,BACKFILL_AUTO
2026-04-04 03:54:03,1775274843,BOOM900,9088.828,-1,0.011000000000422006,BACKFILL_AUTO
2026-04-04 03:54:04,1775274844,BOOM900,9088.804,-1,0.023999999999432475,BACKFILL_AUTO
2026-04-04 03:54:05,1775274845,BOOM900,9088.798,-1,0.0059999999994033715,BACKFILL_AUTO
2026-04-04 03:54:06,1775274846,BOOM900,9088.785,-1,0.01300000000082946,BACKFILL_AUTO
2026-04-04 03:54:07,1775274847,BOOM900,9088.772,-1,0.01299999999901047,BACKFILL_AUTO
2026-04-04 03:54:08,1775274848,BOOM900,9088.758,-1,0.014000000001033186,BACKFILL_AUTO
2026-04-04 03:54:09,1775274849,BOOM900,9088.753,-1,0.004999999999199645,BACKFILL_AUTO
2026-04-04 03:54:10,1775274850,BOOM900,9088.747,-1,0.006000000001222361,BACKFILL_AUTO
2026-04-04 03:54:11,1775274851,BOOM900,9088.731,-1,0.01599999999962165,BACKFILL_AUTO
2026-04-04 03:54:12,1775274852,BOOM900,9088.718,-1,0.01299999999901047,BACKFILL_AUTO
2026-04-04 03:54:13,1775274853,BOOM900,9088.711,-1,0.007000000001426088,BACKFILL_AUTO
2026-04-04 03:54:14,1775274854,BOOM900,9088.696,-1,0.014999999999417923,BACKFILL_AUTO
2026-04-04 03:54:15,1775274855,BOOM900,9088.695,-1,0.0010000000002037268,BACKFILL_AUTO
2026-04-04 03:54:16,1775274856,BOOM900,9088.684,-1,0.011000000000422006,BACKFILL_AUTO
2026-04-04 03:54:17,1775274857,BOOM900,9088.675,-1,0.009000000000014552,BACKFILL_AUTO
2026-04-04 03:54:18,1775274858,BOOM900,9088.67,-1,0.004999999999199645,BACKFILL_AUTO
2026-04-04 03:54:19,1775274859,BOOM900,9088.648,-1,0.02200000000084401,BACKFILL_AUTO
2026-04-04 03:54:20,1775274860,BOOM900,9088.643,-1,0.004999999999199645,BACKFILL_AUTO
2026-04-04 03:54:21,1775274861,BOOM900,9088.636,-1,0.006999999999607098,BACKFILL_AUTO
2026-04-04 03:54:22,1775274862,BOOM900,9088.63,-1,0.006000000001222361,BACKFILL_AUTO
2026-04-04 03:54:23,1775274863,BOOM900,9088.623,-1,0.006999999999607098,BACKFILL_AUTO
2026-04-04 03:54:24,1775274864,BOOM900,9088.617,-1,0.0059999999994033715,BACKFILL_AUTO
2026-04-04 03:54:25,1775274865,BOOM900,9088.61,-1,0.006999999999607098,BACKFILL_AUTO
2026-04-04 03:54:26,1775274866,BOOM900,9088.604,-1,0.006000000001222361,BACKFILL_AUTO
2026-04-04 03:54:27,1775274867,BOOM900,9088.599,-1,0.004999999999199645,BACKFILL_AUTO
2026-04-04 03:54:28,1775274868,BOOM900,9088.593,-1,0.0059999999994033715,BACKFILL_AUTO
2026-04-04 03:54:29,1775274869,BOOM900,9088.589,-1,0.004000000000814907,BACKFILL_AUTO
2026-04-04 03:54:30,1775274870,BOOM900,9088.575,-1,0.013999999999214197,BACKFILL_AUTO
2026-04-04 03:54:31,1775274871,BOOM900,9088.561,-1,0.014000000001033186,BACKFILL_AUTO
2026-04-04 03:54:32,1775274872,BOOM900,9088.553,-1,0.007999999999810825,BACKFILL_AUTO
2026-04-04 03:54:33,1775274873,BOOM900,9088.528,-1,0.024999999999636202,BACKFILL_AUTO
2026-04-04 03:54:34,1775274874,BOOM900,9088.502,-1,0.02599999999983993,BACKFILL_AUTO
2026-04-04 03:54:35,1775274875,BOOM900,9088.5,-1,0.0020000000004074536,BACKFILL_AUTO
2026-04-04 03:54:36,1775274876,BOOM900,9088.492,-1,0.007999999999810825,BACKFILL_AUTO
2026-04-04 03:54:37,1775274877,BOOM900,9088.486,-1,0.0059999999994033715,BACKFILL_AUTO
2026-04-04 03:54:38,1775274878,BOOM900,9088.477,-1,0.009000000000014552,BACKFILL_AUTO
2026-04-04 03:54:39,1775274879,BOOM900,9088.463,-1,0.014000000001033186,BACKFILL_AUTO
2026-04-04 03:54:40,1775274880,BOOM900,9088.459,-1,0.003999999998995918,BACKFILL_AUTO
2026-04-04 03:54:41,1775274881,BOOM900,9088.457,-1,0.0020000000004074536,BACKFILL_AUTO
2026-04-04 03:54:42,1775274882,BOOM900,9088.454,-1,0.0030000000006111804,BACKFILL_AUTO
2026-04-04 03:54:43,1775274883,BOOM900,9088.444,-1,0.010000000000218279,BACKFILL_AUTO
2026-04-04 03:54:44,1775274884,BOOM900,9088.426,-1,0.018000000000029104,BACKFILL_AUTO
2026-04-04 03:54:45,1775274885,BOOM900,9088.417,-1,0.009000000000014552,BACKFILL_AUTO
2026-04-04 03:54:46,1775274886,BOOM900,9088.395,-1,0.02199999999902502,BACKFILL_AUTO
2026-04-04 03:54:47,1775274887,BOOM900,9088.385,-1,0.010000000000218279,BACKFILL_AUTO
2026-04-04 03:54:48,1775274888,BOOM900,9088.37,-1,0.014999999999417923,BACKFILL_AUTO
2026-04-04 03:54:49,1775274889,BOOM900,9088.363,-1,0.007000000001426088,BACKFILL_AUTO
2026-04-04 03:54:50,1775274890,BOOM900,9088.362,-1,0.0010000000002037268,BACKFILL_AUTO
2026-04-04 03:54:51,1775274891,BOOM900,9088.355,-1,0.006999999999607098,BACKFILL_AUTO
2026-04-04 03:54:52,1775274892,BOOM900,9088.354,-1,0.0010000000002037268,BACKFILL_AUTO
2026-04-04 03:54:53,1775274893,BOOM900,9088.349,-1,0.004999999999199645,BACKFILL_AUTO
2026-04-04 03:54:54,1775274894,BOOM900,9088.331,-1,0.018000000000029104,BACKFILL_AUTO
2026-04-04 03:54:55,1775274895,BOOM900,9088.314,-1,0.016999999999825377,BACKFILL_AUTO
2026-04-04 03:54:56,1775274896,BOOM900,9088.312,-1,0.0020000000004074536,BACKFILL_AUTO
2026-04-04 03:54:57,1775274897,BOOM900,9088.307,-1,0.004999999999199645,BACKFILL_AUTO
2026-04-04 03:54:58,1775274898,BOOM900,9088.307,0,0.0,BACKFILL_AUTO
2026-04-04 03:54:59,1775274899,BOOM900,9088.3,-1,0.007000000001426088,BACKFILL_AUTO
2026-04-04 03:55:00,1775274900,BOOM900,9088.292,-1,0.007999999999810825,BACKFILL_AUTO
2026-04-04 03:55:01,1775274901,BOOM900,9088.266,-1,0.02599999999983993,BACKFILL_AUTO
2026-04-04 03:55:02,1775274902,BOOM900,9088.23,-1,0.03600000000005821,BACKFILL_AUTO
2026-04-04 03:55:03,1775274903,BOOM900,9088.225,-1,0.004999999999199645,BACKFILL_AUTO
2026-04-04 03:55:04,1775274904,BOOM900,9088.22,-1,0.005000000001018634,BACKFILL_AUTO
2026-04-04 03:55:05,1775274905,BOOM900,9088.209,-1,0.010999999998603016,BACKFILL_AUTO
2026-04-04 03:55:06,1775274906,BOOM900,9088.204,-1,0.005000000001018634,BACKFILL_AUTO
2026-04-04 03:55:07,1775274907,BOOM900,9088.19,-1,0.013999999999214197,BACKFILL_AUTO
2026-04-04 03:55:08,1775274908,BOOM900,9088.169,-1,0.021000000000640284,BACKFILL_AUTO
2026-04-04 03:55:09,1775274909,BOOM900,9088.153,-1,0.01599999999962165,BACKFILL_AUTO
2026-04-04 03:55:10,1775274910,BOOM900,9088.143,-1,0.010000000000218279,BACKFILL_AUTO
2026-04-04 03:55:11,1775274911,BOOM900,9088.128,-1,0.014999999999417923,BACKFILL_AUTO
2026-04-04 03:55:12,1775274912,BOOM900,9088.124,-1,0.004000000000814907,BACKFILL_AUTO
2026-04-04 03:55:13,1775274913,BOOM900,9088.107,-1,0.016999999999825377,BACKFILL_AUTO
2026-04-04 03:55:14,1775274914,BOOM900,9088.097,-1,0.010000000000218279,BACKFILL_AUTO
2026-04-04 03:55:15,1775274915,BOOM900,9088.085,-1,0.012000000000625732,BACKFILL_AUTO
2026-04-04 03:55:16,1775274916,BOOM900,9088.074,-1,0.010999999998603016,BACKFILL_AUTO
2026-04-04 03:55:17,1775274917,BOOM900,9088.071,-1,0.0030000000006111804,BACKFILL_AUTO
2026-04-04 03:55:18,1775274918,BOOM900,9088.068,-1,0.0030000000006111804,BACKFILL_AUTO
2026-04-04 03:55:19,1775274919,BOOM900,9088.048,-1,0.019999999998617568,BACKFILL_AUTO
2026-04-04 03:55:20,1775274920,BOOM900,9088.046,-1,0.0020000000004074536,BACKFILL_AUTO
2026-04-04 03:55:21,1775274921,BOOM900,9088.044,-1,0.0020000000004074536,BACKFILL_AUTO
2026-04-04 03:55:22,1775274922,BOOM900,9088.031,-1,0.01299999999901047,BACKFILL_AUTO
2026-04-04 03:55:23,1775274923,BOOM900,9088.009,-1,0.02200000000084401,BACKFILL_AUTO
2026-04-04 03:55:24,1775274924,BOOM900,9087.995,-1,0.013999999999214197,BACKFILL_AUTO
2026-04-04 03:55:25,1775274925,BOOM900,9087.982,-1,0.01300000000082946,BACKFILL_AUTO
2026-04-04 03:55:26,1775274926,BOOM900,9087.966,-1,0.01599999999962165,BACKFILL_AUTO
2026-04-04 03:55:27,1775274927,BOOM900,9087.945,-1,0.021000000000640284,BACKFILL_AUTO
2026-04-04 03:55:28,1775274928,BOOM900,9087.938,-1,0.006999999999607098,BACKFILL_AUTO
2026-04-04 03:55:29,1775274929,BOOM900,9087.938,0,0.0,BACKFILL_AUTO
2026-04-04 03:55:30,1775274930,BOOM900,9087.926,-1,0.012000000000625732,BACKFILL_AUTO
2026-04-04 03:55:31,1775274931,BOOM900,9087.918,-1,0.007999999999810825,BACKFILL_AUTO
2026-04-04 03:55:32,1775274932,BOOM900,9087.902,-1,0.01599999999962165,BACKFILL_AUTO
2026-04-04 03:55:33,1775274933,BOOM900,9087.888,-1,0.013999999999214197,BACKFILL_AUTO
2026-04-04 03:55:34,1775274934,BOOM900,9087.884,-1,0.004000000000814907,BACKFILL_AUTO
2026-04-04 03:55:35,1775274935,BOOM900,9087.881,-1,0.0030000000006111804,BACKFILL_AUTO
2026-04-04 03:55:36,1775274936,BOOM900,9087.878,-1,0.002999999998792191,BACKFILL_AUTO
2026-04-04 03:55:37,1775274937,BOOM900,9087.87,-1,0.007999999999810825,BACKFILL_AUTO
2026-04-04 03:55:38,1775274938,BOOM900,9087.847,-1,0.023000000001047738,BACKFILL_AUTO
2026-04-04 03:55:39,1775274939,BOOM900,9087.825,-1,0.02199999999902502,BACKFILL_AUTO
2026-04-04 03:55:40,1775274940,BOOM900,9087.823,-1,0.0020000000004074536,BACKFILL_AUTO
2026-04-04 03:55:41,1775274941,BOOM900,9087.815,-1,0.007999999999810825,BACKFILL_AUTO
2026-04-04 03:55:42,1775274942,BOOM900,9087.812,-1,0.0030000000006111804,BACKFILL_AUTO
2026-04-04 03:55:43,1775274943,BOOM900,9087.805,-1,0.006999999999607098,BACKFILL_AUTO
2026-04-04 03:55:44,1775274944,BOOM900,9087.789,-1,0.01599999999962165,BACKFILL_AUTO
2026-04-04 03:55:45,1775274945,BOOM900,9087.779,-1,0.010000000000218279,BACKFILL_AUTO
2026-04-04 03:55:46,1775274946,BOOM900,9087.774,-1,0.005000000001018634,BACKFILL_AUTO
2026-04-04 03:55:47,1775274947,BOOM900,9087.773,-1,0.0010000000002037268,BACKFILL_AUTO
2026-04-04 03:55:48,1775274948,BOOM900,9087.76,-1,0.01299999999901047,BACKFILL_AUTO
2026-04-04 03:55:49,1775274949,BOOM900,9087.76,0,0.0,BACKFILL_AUTO
2026-04-04 03:55:50,1775274950,BOOM900,9087.744,-1,0.01599999999962165,BACKFILL_AUTO
2026-04-04 03:55:51,1775274951,BOOM900,9087.732,-1,0.012000000000625732,BACKFILL_AUTO
2026-04-04 03:55:52,1775274952,BOOM900,9087.729,-1,0.0030000000006111804,BACKFILL_AUTO
2026-04-04 03:55:53,1775274953,BOOM900,9087.72,-1,0.009000000000014552,BACKFILL_AUTO
2026-04-04 03:55:54,1775274954,BOOM900,9087.7,-1,0.019999999998617568,BACKFILL_AUTO
2026-04-04 03:55:55,1775274955,BOOM900,9087.696,-1,0.004000000000814907,BACKFILL_AUTO
2026-04-04 03:55:56,1775274956,BOOM900,9087.689,-1,0.006999999999607098,BACKFILL_AUTO
2026-04-04 03:55:57,1775274957,BOOM900,9087.682,-1,0.006999999999607098,BACKFILL_AUTO
2026-04-04 03:55:58,1775274958,BOOM900,9087.672,-1,0.010000000000218279,BACKFILL_AUTO
2026-04-04 03:55:59,1775274959,BOOM900,9087.653,-1,0.01900000000023283,BACKFILL_AUTO
2026-04-04 03:56:00,1775274960,BOOM900,9087.65,-1,0.0030000000006111804,BACKFILL_AUTO
2026-04-04 03:56:01,1775274961,BOOM900,9087.639,-1,0.011000000000422006,BACKFILL_AUTO
2026-04-04 03:56:02,1775274962,BOOM900,9087.635,-1,0.003999999998995918,BACKFILL_AUTO
2026-04-04 03:56:03,1775274963,BOOM900,9087.624,-1,0.011000000000422006,BACKFILL_AUTO
2026-04-04 03:56:04,1775274964,BOOM900,9087.611,-1,0.01299999999901047,BACKFILL_AUTO
2026-04-04 03:56:05,1775274965,BOOM900,9087.599,-1,0.012000000000625732,BACKFILL_AUTO
2026-04-04 03:56:06,1775274966,BOOM900,9087.588,-1,0.011000000000422006,BACKFILL_AUTO
2026-04-04 03:56:07,1775274967,BOOM900,9087.571,-1,0.016999999999825377,BACKFILL_AUTO
2026-04-04 03:56:08,1775274968,BOOM900,9087.556,-1,0.014999999999417923,BACKFILL_AUTO
2026-04-04 03:56:09,1775274969,BOOM900,9087.547,-1,0.009000000000014552,BACKFILL_AUTO
2026-04-04 03:56:10,1775274970,BOOM900,9087.54,-1,0.006999999999607098,BACKFILL_AUTO
2026-04-04 03:56:11,1775274971,BOOM900,9087.535,-1,0.005000000001018634,BACKFILL_AUTO
2026-04-04 03:56:12,1775274972,BOOM900,9087.532,-1,0.0030000000006111804,BACKFILL_AUTO
2026-04-04 03:56:13,1775274973,BOOM900,9087.506,-1,0.02599999999983993,BACKFILL_AUTO
2026-04-04 03:56:14,1775274974,BOOM900,9087.501,-1,0.004999999999199645,BACKFILL_AUTO
2026-04-04 03:56:15,1775274975,BOOM900,9087.49,-1,0.011000000000422006,BACKFILL_AUTO
2026-04-04 03:56:16,1775274976,BOOM900,9087.484,-1,0.0059999999994033715,BACKFILL_AUTO
2026-04-04 03:56:17,1775274977,BOOM900,9087.468,-1,0.01599999999962165,BACKFILL_AUTO
2026-04-04 03:56:18,1775274978,BOOM900,9087.452,-1,0.01600000000144064,BACKFILL_AUTO
2026-04-04 03:56:19,1775274979,BOOM900,9087.448,-1,0.003999999998995918,BACKFILL_AUTO
2026-04-04 03:56:20,1775274980,BOOM900,9087.432,-1,0.01599999999962165,BACKFILL_AUTO
2026-04-04 03:56:21,1775274981,BOOM900,9087.416,-1,0.01600000000144064,BACKFILL_AUTO
2026-04-04 03:56:22,1775274982,BOOM900,9087.405,-1,0.010999999998603016,BACKFILL_AUTO
2026-04-04 03:56:23,1775274983,BOOM900,9087.404,-1,0.0010000000002037268,BACKFILL_AUTO
2026-04-04 03:56:24,1775274984,BOOM900,9087.398,-1,0.006000000001222361,BACKFILL_AUTO
2026-04-04 03:56:25,1775274985,BOOM900,9087.389,-1,0.009000000000014552,BACKFILL_AUTO
2026-04-04 03:56:26,1775274986,BOOM900,9087.378,-1,0.010999999998603016,BACKFILL_AUTO
2026-04-04 03:56:27,1775274987,BOOM900,9087.357,-1,0.021000000000640284,BACKFILL_AUTO
2026-04-04 03:56:28,1775274988,BOOM900,9087.338,-1,0.01900000000023283,BACKFILL_AUTO
2026-04-04 03:56:29,1775274989,BOOM900,9087.338,0,0.0,BACKFILL_AUTO
2026-04-04 03:56:30,1775274990,BOOM900,9087.319,-1,0.01900000000023283,BACKFILL_AUTO
2026-04-04 03:56:31,1775274991,BOOM900,9087.31,-1,0.009000000000014552,BACKFILL_AUTO
2026-04-04 03:56:32,1775274992,BOOM900,9087.3,-1,0.010000000000218279,BACKFILL_AUTO
2026-04-04 03:56:33,1775274993,BOOM900,9087.296,-1,0.003999999998995918,BACKFILL_AUTO
2026-04-04 03:56:34,1775274994,BOOM900,9087.286,-1,0.010000000000218279,BACKFILL_AUTO
2026-04-04 03:56:35,1775274995,BOOM900,9087.283,-1,0.0030000000006111804,BACKFILL_AUTO
2026-04-04 03:56:36,1775274996,BOOM900,9087.256,-1,0.027000000000043656,BACKFILL_AUTO
2026-04-04 03:56:37,1775274997,BOOM900,9087.255,-1,0.0010000000002037268,BACKFILL_AUTO
2026-04-04 03:56:38,1775274998,BOOM900,9087.253,-1,0.0019999999985884642,BACKFILL_AUTO
2026-04-04 03:56:39,1775274999,BOOM900,9087.238,-1,0.015000000001236913,BACKFILL_AUTO
2026-04-04 03:56:40,1775275000,BOOM900,9087.236,-1,0.0019999999985884642,BACKFILL_AUTO
2026-04-04 03:56:41,1775275001,BOOM900,9087.222,-1,0.014000000001033186,BACKFILL_AUTO
2026-04-04 03:56:42,1775275002,BOOM900,9087.211,-1,0.011000000000422006,BACKFILL_AUTO
2026-04-04 03:56:43,1775275003,BOOM900,9087.203,-1,0.007999999999810825,BACKFILL_AUTO
2026-04-04 03:56:44,1775275004,BOOM900,9087.2,-1,0.002999999998792191,BACKFILL_AUTO
2026-04-04 03:56:45,1775275005,BOOM900,9087.181,-1,0.01900000000023283,BACKFILL_AUTO
2026-04-04 03:56:46,1775275006,BOOM900,9087.18,-1,0.0010000000002037268,BACKFILL_AUTO
2026-04-04 03:56:47,1775275007,BOOM900,9087.176,-1,0.004000000000814907,BACKFILL_AUTO
2026-04-04 03:56:48,1775275008,BOOM900,9087.173,-1,0.002999999998792191,BACKFILL_AUTO
2026-04-04 03:56:49,1775275009,BOOM900,9087.154,-1,0.01900000000023283,BACKFILL_AUTO
2026-04-04 03:56:50,1775275010,BOOM900,9087.135,-1,0.01900000000023283,BACKFILL_AUTO
2026-04-04 03:56:51,1775275011,BOOM900,9087.13,-1,0.005000000001018634,BACKFILL_AUTO
2026-04-04 03:56:52,1775275012,BOOM900,9087.127,-1,0.002999999998792191,BACKFILL_AUTO
2026-04-04 03:56:53,1775275013,BOOM900,9087.118,-1,0.009000000000014552,BACKFILL_AUTO
2026-04-04 03:56:54,1775275014,BOOM900,9087.104,-1,0.014000000001033186,BACKFILL_AUTO
2026-04-04 03:56:55,1775275015,BOOM900,9087.083,-1,0.020999999998821295,BACKFILL_AUTO
2026-04-04 03:56:56,1775275016,BOOM900,9087.082,-1,0.0010000000002037268,BACKFILL_AUTO
2026-04-04 03:56:57,1775275017,BOOM900,9087.076,-1,0.006000000001222361,BACKFILL_AUTO
2026-04-04 03:56:58,1775275018,BOOM900,9087.068,-1,0.007999999999810825,BACKFILL_AUTO
2026-04-04 03:56:59,1775275019,BOOM900,9087.059,-1,0.009000000000014552,BACKFILL_AUTO
2026-04-04 03:57:00,1775275020,BOOM900,9087.059,0,0.0,BACKFILL_AUTO
2026-04-04 03:57:01,1775275021,BOOM900,9087.055,-1,0.003999999998995918,BACKFILL_AUTO
2026-04-04 03:57:02,1775275022,BOOM900,9087.037,-1,0.018000000000029104,BACKFILL_AUTO
2026-04-04 03:57:03,1775275023,BOOM900,9087.031,-1,0.0059999999994033715,BACKFILL_AUTO
2026-04-04 03:57:04,1775275024,BOOM900,9087.014,-1,0.017000000001644366,BACKFILL_AUTO
2026-04-04 03:57:05,1775275025,BOOM900,9086.999,-1,0.014999999999417923,BACKFILL_AUTO
2026-04-04 03:57:06,1775275026,BOOM900,9086.991,-1,0.007999999999810825,BACKFILL_AUTO
2026-04-04 03:57:07,1775275027,BOOM900,9086.986,-1,0.004999999999199645,BACKFILL_AUTO
2026-04-04 03:57:08,1775275028,BOOM900,9086.985,-1,0.0010000000002037268,BACKFILL_AUTO
2026-04-04 03:57:09,1775275029,BOOM900,9086.969,-1,0.01600000000144064,BACKFILL_AUTO
2026-04-04 03:57:10,1775275030,BOOM900,9086.963,-1,0.0059999999994033715,BACKFILL_AUTO
2026-04-04 03:57:11,1775275031,BOOM900,9086.951,-1,0.012000000000625732,BACKFILL_AUTO
2026-04-04 03:57:12,1775275032,BOOM900,9086.94,-1,0.010999999998603016,BACKFILL_AUTO
2026-04-04 03:57:13,1775275033,BOOM900,9086.928,-1,0.012000000000625732,BACKFILL_AUTO
2026-04-04 03:57:14,1775275034,BOOM900,9086.924,-1,0.003999999998995918,BACKFILL_AUTO
2026-04-04 03:57:15,1775275035,BOOM900,9086.907,-1,0.017000000001644366,BACKFILL_AUTO
2026-04-04 03:57:16,1775275036,BOOM900,9086.903,-1,0.003999999998995918,BACKFILL_AUTO
2026-04-04 03:57:17,1775275037,BOOM900,9086.895,-1,0.007999999999810825,BACKFILL_AUTO
2026-04-04 03:57:18,1775275038,BOOM900,9086.887,-1,0.007999999999810825,BACKFILL_AUTO
2026-04-04 03:57:19,1775275039,BOOM900,9086.884,-1,0.0030000000006111804,BACKFILL_AUTO
2026-04-04 03:57:20,1775275040,BOOM900,9086.883,-1,0.0010000000002037268,BACKFILL_AUTO
2026-04-04 03:57:21,1775275041,BOOM900,9086.867,-1,0.01599999999962165,BACKFILL_AUTO
2026-04-04 03:57:22,1775275042,BOOM900,9086.858,-1,0.009000000000014552,BACKFILL_AUTO
2026-04-04 03:57:23,1775275043,BOOM900,9086.848,-1,0.010000000000218279,BACKFILL_AUTO
2026-04-04 03:57:24,1775275044,BOOM900,9086.841,-1,0.006999999999607098,BACKFILL_AUTO
2026-04-04 03:57:25,1775275045,BOOM900,9086.827,-1,0.014000000001033186,BACKFILL_AUTO
2026-04-04 03:57:26,1775275046,BOOM900,9086.817,-1,0.010000000000218279,BACKFILL_AUTO
2026-04-04 03:57:27,1775275047,BOOM900,9086.815,-1,0.0019999999985884642,BACKFILL_AUTO
2026-04-04 03:57:28,1775275048,BOOM900,9086.805,-1,0.010000000000218279,BACKFILL_AUTO
2026-04-04 03:57:29,1775275049,BOOM900,9086.794,-1,0.011000000000422006,BACKFILL_AUTO
2026-04-04 03:57:30,1775275050,BOOM900,9086.782,-1,0.012000000000625732,BACKFILL_AUTO
2026-04-04 03:57:31,1775275051,BOOM900,9086.773,-1,0.009000000000014552,BACKFILL_AUTO
2026-04-04 03:57:32,1775275052,BOOM900,9086.769,-1,0.003999999998995918,BACKFILL_AUTO
2026-04-04 03:57:33,1775275053,BOOM900,9086.759,-1,0.010000000000218279,BACKFILL_AUTO
2026-04-04 03:57:34,1775275054,BOOM900,9086.742,-1,0.016999999999825377,BACKFILL_AUTO
2026-04-04 03:57:35,1775275055,BOOM900,9086.735,-1,0.006999999999607098,BACKFILL_AUTO
2026-04-04 03:57:36,1775275056,BOOM900,9086.721,-1,0.014000000001033186,BACKFILL_AUTO
2026-04-04 03:57:37,1775275057,BOOM900,9086.708,-1,0.01299999999901047,BACKFILL_AUTO
2026-04-04 03:57:38,1775275058,BOOM900,9086.698,-1,0.010000000000218279,BACKFILL_AUTO
2026-04-04 03:57:39,1775275059,BOOM900,9086.689,-1,0.009000000000014552,BACKFILL_AUTO
2026-04-04 03:57:40,1775275060,BOOM900,9086.669,-1,0.020000000000436557,BACKFILL_AUTO
2026-04-04 03:57:41,1775275061,BOOM900,9086.643,-1,0.02599999999983993,BACKFILL_AUTO
2026-04-04 03:57:42,1775275062,BOOM900,9086.636,-1,0.006999999999607098,BACKFILL_AUTO
2026-04-04 03:57:43,1775275063,BOOM900,9086.622,-1,0.014000000001033186,BACKFILL_AUTO
2026-04-04 03:57:44,1775275064,BOOM900,9086.622,0,0.0,BACKFILL_AUTO
2026-04-04 03:57:45,1775275065,BOOM900,9086.605,-1,0.016999999999825377,BACKFILL_AUTO
2026-04-04 03:57:46,1775275066,BOOM900,9086.592,-1,0.01299999999901047,BACKFILL_AUTO
2026-04-04 03:57:47,1775275067,BOOM900,9086.585,-1,0.007000000001426088,BACKFILL_AUTO
2026-04-04 03:57:48,1775275068,BOOM900,9086.568,-1,0.016999999999825377,BACKFILL_AUTO
2026-04-04 03:57:49,1775275069,BOOM900,9086.565,-1,0.002999999998792191,BACKFILL_AUTO
2026-04-04 03:57:50,1775275070,BOOM900,9086.565,0,0.0,BACKFILL_AUTO
2026-04-04 03:57:51,1775275071,BOOM900,9086.548,-1,0.016999999999825377,BACKFILL_AUTO
2026-04-04 03:57:52,1775275072,BOOM900,9086.542,-1,0.006000000001222361,BACKFILL_AUTO
2026-04-04 03:57:53,1775275073,BOOM900,9086.54,-1,0.0019999999985884642,BACKFILL_AUTO
2026-04-04 03:57:54,1775275074,BOOM900,9086.53,-1,0.010000000000218279,BACKFILL_AUTO
2026-04-04 03:57:55,1775275075,BOOM900,9086.528,-1,0.0020000000004074536,BACKFILL_AUTO
2026-04-04 03:57:56,1775275076,BOOM900,9086.519,-1,0.009000000000014552,BACKFILL_AUTO
2026-04-04 03:57:57,1775275077,BOOM900,9086.507,-1,0.012000000000625732,BACKFILL_AUTO
2026-04-04 03:57:58,1775275078,BOOM900,9086.483,-1,0.023999999999432475,BACKFILL_AUTO
2026-04-04 03:57:59,1775275079,BOOM900,9086.48,-1,0.0030000000006111804,BACKFILL_AUTO
2026-04-04 03:58:00,1775275080,BOOM900,9086.465,-1,0.014999999999417923,BACKFILL_AUTO
2026-04-04 03:58:01,1775275081,BOOM900,9086.445,-1,0.020000000000436557,BACKFILL_AUTO
2026-04-04 03:58:02,1775275082,BOOM900,9086.422,-1,0.02299999999922875,BACKFILL_AUTO
2026-04-04 03:58:03,1775275083,BOOM900,9086.42,-1,0.0020000000004074536,BACKFILL_AUTO
2026-04-04 03:58:04,1775275084,BOOM900,9086.419,-1,0.0010000000002037268,BACKFILL_AUTO
2026-04-04 03:58:05,1775275085,BOOM900,9086.41,-1,0.009000000000014552,BACKFILL_AUTO
2026-04-04 03:58:06,1775275086,BOOM900,9086.405,-1,0.004999999999199645,BACKFILL_AUTO
2026-04-04 03:58:07,1775275087,BOOM900,9086.386,-1,0.01900000000023283,BACKFILL_AUTO
2026-04-04 03:58:08,1775275088,BOOM900,9086.372,-1,0.014000000001033186,BACKFILL_AUTO
2026-04-04 03:58:09,1775275089,BOOM900,9086.366,-1,0.0059999999994033715,BACKFILL_AUTO
2026-04-04 03:58:10,1775275090,BOOM900,9086.365,-1,0.0010000000002037268,BACKFILL_AUTO
2026-04-04 03:58:11,1775275091,BOOM900,9086.363,-1,0.0020000000004074536,BACKFILL_AUTO
2026-04-04 03:58:12,1775275092,BOOM900,9086.355,-1,0.007999999999810825,BACKFILL_AUTO
2026-04-04 03:58:13,1775275093,BOOM900,9086.345,-1,0.010000000000218279,BACKFILL_AUTO
2026-04-04 03:58:14,1775275094,BOOM900,9086.337,-1,0.007999999999810825,BACKFILL_AUTO
2026-04-04 03:58:15,1775275095,BOOM900,9086.313,-1,0.023999999999432475,BACKFILL_AUTO
2026-04-04 03:58:16,1775275096,BOOM900,9086.307,-1,0.0059999999994033715,BACKFILL_AUTO
2026-04-04 03:58:17,1775275097,BOOM900,9086.3,-1,0.007000000001426088,BACKFILL_AUTO
2026-04-04 03:58:18,1775275098,BOOM900,9086.293,-1,0.006999999999607098,BACKFILL_AUTO
2026-04-04 03:58:19,1775275099,BOOM900,9086.288,-1,0.004999999999199645,BACKFILL_AUTO
2026-04-04 03:58:20,1775275100,BOOM900,9086.284,-1,0.004000000000814907,BACKFILL_AUTO
2026-04-04 03:58:21,1775275101,BOOM900,9086.278,-1,0.0059999999994033715,BACKFILL_AUTO
2026-04-04 03:58:22,1775275102,BOOM900,9086.277,-1,0.0010000000002037268,BACKFILL_AUTO
2026-04-04 03:58:23,1775275103,BOOM900,9086.27,-1,0.006999999999607098,BACKFILL_AUTO
2026-04-04 03:58:24,1775275104,BOOM900,9086.267,-1,0.0030000000006111804,BACKFILL_AUTO
2026-04-04 03:58:25,1775275105,BOOM900,9086.261,-1,0.0059999999994033715,BACKFILL_AUTO
2026-04-04 03:58:26,1775275106,BOOM900,9086.256,-1,0.005000000001018634,BACKFILL_AUTO
2026-04-04 03:58:27,1775275107,BOOM900,9086.24,-1,0.01599999999962165,BACKFILL_AUTO
2026-04-04 03:58:28,1775275108,BOOM900,9086.228,-1,0.012000000000625732,BACKFILL_AUTO
2026-04-04 03:58:29,1775275109,BOOM900,9086.205,-1,0.02299999999922875,BACKFILL_AUTO
2026-04-04 03:58:30,1775275110,BOOM900,9086.186,-1,0.01900000000023283,BACKFILL_AUTO
2026-04-04 03:58:31,1775275111,BOOM900,9086.17,-1,0.01599999999962165,BACKFILL_AUTO
2026-04-04 03:58:32,1775275112,BOOM900,9086.159,-1,0.011000000000422006,BACKFILL_AUTO
2026-04-04 03:58:33,1775275113,BOOM900,9086.154,-1,0.004999999999199645,BACKFILL_AUTO
2026-04-04 03:58:34,1775275114,BOOM900,9086.153,-1,0.0010000000002037268,BACKFILL_AUTO
2026-04-04 03:58:35,1775275115,BOOM900,9086.134,-1,0.01900000000023283,BACKFILL_AUTO
2026-04-04 03:58:36,1775275116,BOOM900,9086.127,-1,0.006999999999607098,BACKFILL_AUTO
2026-04-04 03:58:37,1775275117,BOOM900,9086.112,-1,0.015000000001236913,BACKFILL_AUTO
2026-04-04 03:58:38,1775275118,BOOM900,9086.098,-1,0.013999999999214197,BACKFILL_AUTO
2026-04-04 03:58:39,1775275119,BOOM900,9086.088,-1,0.010000000000218279,BACKFILL_AUTO
2026-04-04 03:58:40,1775275120,BOOM900,9086.085,-1,0.0030000000006111804,BACKFILL_AUTO
2026-04-04 03:58:41,1775275121,BOOM900,9086.074,-1,0.010999999998603016,BACKFILL_AUTO
2026-04-04 03:58:42,1775275122,BOOM900,9086.071,-1,0.0030000000006111804,BACKFILL_AUTO
2026-04-04 03:58:43,1775275123,BOOM900,9086.06,-1,0.011000000000422006,BACKFILL_AUTO
2026-04-04 03:58:44,1775275124,BOOM900,9086.043,-1,0.016999999999825377,BACKFILL_AUTO
2026-04-04 03:58:45,1775275125,BOOM900,9086.032,-1,0.011000000000422006,BACKFILL_AUTO
2026-04-04 03:58:46,1775275126,BOOM900,9086.02,-1,0.011999999998806743,BACKFILL_AUTO
2026-04-04 03:58:47,1775275127,BOOM900,9086.001,-1,0.01900000000023283,BACKFILL_AUTO
2026-04-04 03:58:48,1775275128,BOOM900,9086.001,0,0.0,BACKFILL_AUTO
2026-04-04 03:58:49,1775275129,BOOM900,9085.988,-1,0.01300000000082946,BACKFILL_AUTO
2026-04-04 03:58:50,1775275130,BOOM900,9085.974,-1,0.013999999999214197,BACKFILL_AUTO
2026-04-04 03:58:51,1775275131,BOOM900,9085.956,-1,0.018000000000029104,BACKFILL_AUTO
2026-04-04 03:58:52,1775275132,BOOM900,9085.95,-1,0.0059999999994033715,BACKFILL_AUTO
2026-04-04 03:58:53,1775275133,BOOM900,9085.947,-1,0.0030000000006111804,BACKFILL_AUTO
2026-04-04 03:58:54,1775275134,BOOM900,9085.929,-1,0.018000000000029104,BACKFILL_AUTO
2026-04-04 03:58:55,1775275135,BOOM900,9085.921,-1,0.007999999999810825,BACKFILL_AUTO
2026-04-04 03:58:56,1775275136,BOOM900,9085.912,-1,0.009000000000014552,BACKFILL_AUTO
2026-04-04 03:58:57,1775275137,BOOM900,9085.887,-1,0.024999999999636202,BACKFILL_AUTO
2026-04-04 03:58:58,1775275138,BOOM900,9085.881,-1,0.006000000001222361,BACKFILL_AUTO
2026-04-04 03:58:59,1775275139,BOOM900,9085.871,-1,0.010000000000218279,BACKFILL_AUTO
2026-04-04 03:59:00,1775275140,BOOM900,9085.87,-1,0.0009999999983847374,BACKFILL_AUTO
2026-04-04 03:59:01,1775275141,BOOM900,9085.855,-1,0.015000000001236913,BACKFILL_AUTO
2026-04-04 03:59:02,1775275142,BOOM900,9085.849,-1,0.0059999999994033715,BACKFILL_AUTO
2026-04-04 03:59:03,1775275143,BOOM900,9085.848,-1,0.0010000000002037268,BACKFILL_AUTO
2026-04-04 03:59:04,1775275144,BOOM900,9085.842,-1,0.0059999999994033715,BACKFILL_AUTO
2026-04-04 03:59:05,1775275145,BOOM900,9085.836,-1,0.006000000001222361,BACKFILL_AUTO
2026-04-04 03:59:06,1775275146,BOOM900,9085.826,-1,0.010000000000218279,BACKFILL_AUTO
2026-04-04 03:59:07,1775275147,BOOM900,9085.825,-1,0.0009999999983847374,BACKFILL_AUTO
2026-04-04 03:59:08,1775275148,BOOM900,9085.81,-1,0.015000000001236913,BACKFILL_AUTO
2026-04-04 03:59:09,1775275149,BOOM900,9085.795,-1,0.014999999999417923,BACKFILL_AUTO
2026-04-04 03:59:10,1775275150,BOOM900,9085.775,-1,0.020000000000436557,BACKFILL_AUTO
2026-04-04 03:59:11,1775275151,BOOM900,9085.766,-1,0.009000000000014552,BACKFILL_AUTO
2026-04-04 03:59:12,1775275152,BOOM900,9085.748,-1,0.018000000000029104,BACKFILL_AUTO
2026-04-04 03:59:13,1775275153,BOOM900,9085.748,0,0.0,BACKFILL_AUTO
2026-04-04 03:59:14,1775275154,BOOM900,9085.744,-1,0.003999999998995918,BACKFILL_AUTO
2026-04-04 03:59:15,1775275155,BOOM900,9085.723,-1,0.021000000000640284,BACKFILL_AUTO
2026-04-04 03:59:16,1775275156,BOOM900,9085.713,-1,0.010000000000218279,BACKFILL_AUTO
2026-04-04 03:59:17,1775275157,BOOM900,9085.706,-1,0.006999999999607098,BACKFILL_AUTO
2026-04-04 03:59:18,1775275158,BOOM900,9085.703,-1,0.0030000000006111804,BACKFILL_AUTO
2026-04-04 03:59:19,1775275159,BOOM900,9085.698,-1,0.004999999999199645,BACKFILL_AUTO
2026-04-04 03:59:20,1775275160,BOOM900,9085.68,-1,0.018000000000029104,BACKFILL_AUTO
2026-04-04 03:59:21,1775275161,BOOM900,9085.675,-1,0.005000000001018634,BACKFILL_AUTO
2026-04-04 03:59:22,1775275162,BOOM900,9085.655,-1,0.019999999998617568,BACKFILL_AUTO
2026-04-04 03:59:23,1775275163,BOOM900,9085.651,-1,0.004000000000814907,BACKFILL_AUTO
2026-04-04 03:59:24,1775275164,BOOM900,9085.645,-1,0.0059999999994033715,BACKFILL_AUTO
2026-04-04 03:59:25,1775275165,BOOM900,9085.637,-1,0.007999999999810825,BACKFILL_AUTO
2026-04-04 03:59:26,1775275166,BOOM900,9085.626,-1,0.011000000000422006,BACKFILL_AUTO
2026-04-04 03:59:27,1775275167,BOOM900,9085.612,-1,0.014000000001033186,BACKFILL_AUTO
2026-04-04 03:59:28,1775275168,BOOM900,9085.594,-1,0.018000000000029104,BACKFILL_AUTO
2026-04-04 03:59:29,1775275169,BOOM900,9085.585,-1,0.009000000000014552,BACKFILL_AUTO
2026-04-04 03:59:30,1775275170,BOOM900,9085.583,-1,0.0019999999985884642,BACKFILL_AUTO
2026-04-04 03:59:31,1775275171,BOOM900,9085.58,-1,0.0030000000006111804,BACKFILL_AUTO
2026-04-04 03:59:32,1775275172,BOOM900,9085.574,-1,0.0059999999994033715,BACKFILL_AUTO
2026-04-04 03:59:33,1775275173,BOOM900,9085.571,-1,0.0030000000006111804,BACKFILL_AUTO
2026-04-04 03:59:34,1775275174,BOOM900,9085.568,-1,0.0030000000006111804,BACKFILL_AUTO
2026-04-04 03:59:35,1775275175,BOOM900,9085.554,-1,0.013999999999214197,BACKFILL_AUTO
2026-04-04 03:59:36,1775275176,BOOM900,9085.544,-1,0.010000000000218279,BACKFILL_AUTO
2026-04-04 03:59:37,1775275177,BOOM900,9085.53,-1,0.013999999999214197,BACKFILL_AUTO
2026-04-04 03:59:38,1775275178,BOOM900,9085.529,-1,0.0010000000002037268,BACKFILL_AUTO
2026-04-04 03:59:39,1775275179,BOOM900,9085.517,-1,0.012000000000625732,BACKFILL_AUTO
2026-04-04 03:59:40,1775275180,BOOM900,9085.507,-1,0.010000000000218279,BACKFILL_AUTO
2026-04-04 03:59:41,1775275181,BOOM900,9085.491,-1,0.01599999999962165,BACKFILL_AUTO
2026-04-04 03:59:42,1775275182,BOOM900,9085.475,-1,0.01599999999962165,BACKFILL_AUTO
2026-04-04 03:59:43,1775275183,BOOM900,9085.457,-1,0.018000000000029104,BACKFILL_AUTO
2026-04-04 03:59:44,1775275184,BOOM900,9085.428,-1,0.02900000000045111,BACKFILL_AUTO
2026-04-04 03:59:45,1775275185,BOOM900,9085.411,-1,0.016999999999825377,BACKFILL_AUTO
2026-04-04 03:59:46,1775275186,BOOM900,9085.41,-1,0.0010000000002037268,BACKFILL_AUTO
2026-04-04 03:59:47,1775275187,BOOM900,9085.407,-1,0.0030000000006111804,BACKFILL_AUTO
2026-04-04 03:59:48,1775275188,BOOM900,9085.402,-1,0.004999999999199645,BACKFILL_AUTO
2026-04-04 03:59:49,1775275189,BOOM900,9085.4,-1,0.0020000000004074536,BACKFILL_AUTO
2026-04-04 03:59:50,1775275190,BOOM900,9085.394,-1,0.0059999999994033715,BACKFILL_AUTO
2026-04-04 03:59:51,1775275191,BOOM900,9085.387,-1,0.006999999999607098,BACKFILL_AUTO
2026-04-04 03:59:52,1775275192,BOOM900,9085.374,-1,0.01300000000082946,BACKFILL_AUTO
2026-04-04 03:59:53,1775275193,BOOM900,9085.361,-1,0.01299999999901047,BACKFILL_AUTO
2026-04-04 03:59:54,1775275194,BOOM900,9085.345,-1,0.01600000000144064,BACKFILL_AUTO
2026-04-04 03:59:55,1775275195,BOOM900,9085.333,-1,0.011999999998806743,BACKFILL_AUTO
2026-04-04 03:59:56,1775275196,BOOM900,9085.331,-1,0.0020000000004074536,BACKFILL_AUTO
2026-04-04 03:59:57,1775275197,BOOM900,9085.313,-1,0.018000000000029104,BACKFILL_AUTO
2026-04-04 03:59:58,1775275198,BOOM900,9085.3,-1,0.01300000000082946,BACKFILL_AUTO
2026-04-04 03:59:59,1775275199,BOOM900,9085.29,-1,0.00999999999839929,BACKFILL_AUTO
2026-04-04 04:00:00,1775275200,BOOM900,9085.273,-1,0.017000000001644366,BACKFILL_AUTO
2026-04-04 04:00:01,1775275201,BOOM900,9085.267,-1,0.0059999999994033715,BACKFILL_AUTO
2026-04-04 04:00:02,1775275202,BOOM900,9085.263,-1,0.003999999998995918,BACKFILL_AUTO
2026-04-04 04:00:03,1775275203,BOOM900,9085.256,-1,0.007000000001426088,BACKFILL_AUTO
2026-04-04 04:00:04,1775275204,BOOM900,9085.238,-1,0.018000000000029104,BACKFILL_AUTO
2026-04-04 04:00:05,1775275205,BOOM900,9085.222,-1,0.01599999999962165,BACKFILL_AUTO
2026-04-04 04:00:06,1775275206,BOOM900,9085.209,-1,0.01299999999901047,BACKFILL_AUTO
2026-04-04 04:00:07,1775275207,BOOM900,9085.205,-1,0.004000000000814907,BACKFILL_AUTO
2026-04-04 04:00:08,1775275208,BOOM900,9085.195,-1,0.010000000000218279,BACKFILL_AUTO
2026-04-04 04:00:09,1775275209,BOOM900,9085.191,-1,0.003999999998995918,BACKFILL_AUTO
2026-04-04 04:00:10,1775275210,BOOM900,9085.189,-1,0.0020000000004074536,BACKFILL_AUTO
2026-04-04 04:00:11,1775275211,BOOM900,9085.182,-1,0.006999999999607098,BACKFILL_AUTO
2026-04-04 04:00:12,1775275212,BOOM900,9085.177,-1,0.005000000001018634,BACKFILL_AUTO
2026-04-04 04:00:13,1775275213,BOOM900,9085.164,-1,0.01299999999901047,BACKFILL_AUTO
2026-04-04 04:00:14,1775275214,BOOM900,9085.162,-1,0.0020000000004074536,BACKFILL_AUTO
2026-04-04 04:00:15,1775275215,BOOM900,9085.15,-1,0.012000000000625732,BACKFILL_AUTO
2026-04-04 04:00:16,1775275216,BOOM900,9085.132,-1,0.018000000000029104,BACKFILL_AUTO
2026-04-04 04:00:17,1775275217,BOOM900,9085.115,-1,0.016999999999825377,BACKFILL_AUTO
2026-04-04 04:00:18,1775275218,BOOM900,9085.096,-1,0.01900000000023283,BACKFILL_AUTO
2026-04-04 04:00:19,1775275219,BOOM900,9085.078,-1,0.018000000000029104,BACKFILL_AUTO
2026-04-04 04:00:20,1775275220,BOOM900,9085.075,-1,0.002999999998792191,BACKFILL_AUTO
2026-04-04 04:00:21,1775275221,BOOM900,9085.071,-1,0.004000000000814907,BACKFILL_AUTO
2026-04-04 04:00:22,1775275222,BOOM900,9085.064,-1,0.006999999999607098,BACKFILL_AUTO
2026-04-04 04:00:23,1775275223,BOOM900,9085.051,-1,0.01300000000082946,BACKFILL_AUTO
2026-04-04 04:00:24,1775275224,BOOM900,9085.036,-1,0.014999999999417923,BACKFILL_AUTO
2026-04-04 04:00:25,1775275225,BOOM900,9085.028,-1,0.007999999999810825,BACKFILL_AUTO
2026-04-04 04:00:26,1775275226,BOOM900,9085.011,-1,0.016999999999825377,BACKFILL_AUTO
2026-04-04 04:00:27,1775275227,BOOM900,9084.995,-1,0.01599999999962165,BACKFILL_AUTO
2026-04-04 04:00:28,1775275228,BOOM900,9084.986,-1,0.009000000000014552,BACKFILL_AUTO
2026-04-04 04:00:29,1775275229,BOOM900,9084.98,-1,0.006000000001222361,BACKFILL_AUTO
2026-04-04 04:00:30,1775275230,BOOM900,9084.967,-1,0.01299999999901047,BACKFILL_AUTO
2026-04-04 04:00:31,1775275231,BOOM900,9084.966,-1,0.0010000000002037268,BACKFILL_AUTO
2026-04-04 04:00:32,1775275232,BOOM900,9084.962,-1,0.004000000000814907,BACKFILL_AUTO
2026-04-04 04:00:33,1775275233,BOOM900,9084.947,-1,0.014999999999417923,BACKFILL_AUTO
2026-04-04 04:00:34,1775275234,BOOM900,9084.94,-1,0.006999999999607098,BACKFILL_AUTO
2026-04-04 04:00:35,1775275235,BOOM900,9084.937,-1,0.0030000000006111804,BACKFILL_AUTO
2026-04-04 04:00:36,1775275236,BOOM900,9084.925,-1,0.012000000000625732,BACKFILL_AUTO
2026-04-04 04:00:37,1775275237,BOOM900,9084.909,-1,0.01599999999962165,BACKFILL_AUTO
2026-04-04 04:00:38,1775275238,BOOM900,9084.908,-1,0.0010000000002037268,BACKFILL_AUTO
2026-04-04 04:00:39,1775275239,BOOM900,9084.882,-1,0.02599999999983993,BACKFILL_AUTO
2026-04-04 04:00:40,1775275240,BOOM900,9084.865,-1,0.016999999999825377,BACKFILL_AUTO
2026-04-04 04:00:41,1775275241,BOOM900,9084.852,-1,0.01299999999901047,BACKFILL_AUTO
2026-04-04 04:00:42,1775275242,BOOM900,9084.847,-1,0.005000000001018634,BACKFILL_AUTO
2026-04-04 04:00:43,1775275243,BOOM900,9084.835,-1,0.012000000000625732,BACKFILL_AUTO
2026-04-04 04:00:44,1775275244,BOOM900,9084.822,-1,0.01299999999901047,BACKFILL_AUTO
2026-04-04 04:00:45,1775275245,BOOM900,9084.808,-1,0.013999999999214197,BACKFILL_AUTO
2026-04-04 04:00:46,1775275246,BOOM900,9084.795,-1,0.01300000000082946,BACKFILL_AUTO
2026-04-04 04:00:47,1775275247,BOOM900,9084.768,-1,0.027000000000043656,BACKFILL_AUTO
2026-04-04 04:00:48,1775275248,BOOM900,9084.765,-1,0.0030000000006111804,BACKFILL_AUTO
2026-04-04 04:00:49,1775275249,BOOM900,9084.751,-1,0.013999999999214197,BACKFILL_AUTO
2026-04-04 04:00:50,1775275250,BOOM900,9084.73,-1,0.021000000000640284,BACKFILL_AUTO
2026-04-04 04:00:51,1775275251,BOOM900,9084.723,-1,0.006999999999607098,BACKFILL_AUTO
2026-04-04 04:00:52,1775275252,BOOM900,9084.714,-1,0.009000000000014552,BACKFILL_AUTO
2026-04-04 04:00:53,1775275253,BOOM900,9084.704,-1,0.010000000000218279,BACKFILL_AUTO
2026-04-04 04:00:54,1775275254,BOOM900,9084.696,-1,0.007999999999810825,BACKFILL_AUTO
2026-04-04 04:00:55,1775275255,BOOM900,9084.692,-1,0.004000000000814907,BACKFILL_AUTO
2026-04-04 04:00:56,1775275256,BOOM900,9084.683,-1,0.008999999998195563,BACKFILL_AUTO
2026-04-04 04:00:57,1775275257,BOOM900,9084.67,-1,0.01300000000082946,BACKFILL_AUTO
2026-04-04 04:00:58,1775275258,BOOM900,9084.668,-1,0.0020000000004074536,BACKFILL_AUTO
2026-04-04 04:00:59,1775275259,BOOM900,9084.657,-1,0.011000000000422006,BACKFILL_AUTO
2026-04-04 04:01:00,1775275260,BOOM900,9084.635,-1,0.02199999999902502,BACKFILL_AUTO
2026-04-04 04:01:01,1775275261,BOOM900,9084.624,-1,0.011000000000422006,BACKFILL_AUTO
2026-04-04 04:01:02,1775275262,BOOM900,9084.621,-1,0.0030000000006111804,BACKFILL_AUTO
2026-04-04 04:01:03,1775275263,BOOM900,9084.618,-1,0.002999999998792191,BACKFILL_AUTO
2026-04-04 04:01:04,1775275264,BOOM900,9084.608,-1,0.010000000000218279,BACKFILL_AUTO
2026-04-04 04:01:05,1775275265,BOOM900,9084.587,-1,0.021000000000640284,BACKFILL_AUTO
2026-04-04 04:01:06,1775275266,BOOM900,9084.576,-1,0.011000000000422006,BACKFILL_AUTO
2026-04-04 04:01:07,1775275267,BOOM900,9084.566,-1,0.00999999999839929,BACKFILL_AUTO
2026-04-04 04:01:08,1775275268,BOOM900,9084.552,-1,0.014000000001033186,BACKFILL_AUTO
2026-04-04 04:01:09,1775275269,BOOM900,9084.545,-1,0.006999999999607098,BACKFILL_AUTO
2026-04-04 04:01:10,1775275270,BOOM900,9084.542,-1,0.0030000000006111804,BACKFILL_AUTO
2026-04-04 04:01:11,1775275271,BOOM900,9084.542,0,0.0,BACKFILL_AUTO
2026-04-04 04:01:12,1775275272,BOOM900,9084.527,-1,0.014999999999417923,BACKFILL_AUTO
2026-04-04 04:01:13,1775275273,BOOM900,9084.512,-1,0.014999999999417923,BACKFILL_AUTO
2026-04-04 04:01:14,1775275274,BOOM900,9084.501,-1,0.011000000000422006,BACKFILL_AUTO
2026-04-04 04:01:15,1775275275,BOOM900,9084.5,-1,0.0010000000002037268,BACKFILL_AUTO
2026-04-04 04:01:16,1775275276,BOOM900,9084.482,-1,0.018000000000029104,BACKFILL_AUTO
2026-04-04 04:01:17,1775275277,BOOM900,9084.46,-1,0.02200000000084401,BACKFILL_AUTO
2026-04-04 04:01:18,1775275278,BOOM900,9084.433,-1,0.026999999998224666,BACKFILL_AUTO
2026-04-04 04:01:19,1775275279,BOOM900,9084.427,-1,0.006000000001222361,BACKFILL_AUTO
2026-04-04 04:01:20,1775275280,BOOM900,9084.418,-1,0.009000000000014552,BACKFILL_AUTO
2026-04-04 04:01:21,1775275281,BOOM900,9084.404,-1,0.013999999999214197,BACKFILL_AUTO
2026-04-04 04:01:22,1775275282,BOOM900,9084.396,-1,0.007999999999810825,BACKFILL_AUTO
2026-04-04 04:01:23,1775275283,BOOM900,9084.388,-1,0.007999999999810825,BACKFILL_AUTO
2026-04-04 04:01:24,1775275284,BOOM900,9084.385,-1,0.0030000000006111804,BACKFILL_AUTO
2026-04-04 04:01:25,1775275285,BOOM900,9084.363,-1,0.02200000000084401,BACKFILL_AUTO
2026-04-04 04:01:26,1775275286,BOOM900,9084.356,-1,0.006999999999607098,BACKFILL_AUTO
2026-04-04 04:01:27,1775275287,BOOM900,9084.35,-1,0.0059999999994033715,BACKFILL_AUTO
2026-04-04 04:01:28,1775275288,BOOM900,9084.337,-1,0.01300000000082946,BACKFILL_AUTO
2026-04-04 04:01:29,1775275289,BOOM900,9084.335,-1,0.0020000000004074536,BACKFILL_AUTO
2026-04-04 04:01:30,1775275290,BOOM900,9084.323,-1,0.011999999998806743,BACKFILL_AUTO
2026-04-04 04:01:31,1775275291,BOOM900,9084.303,-1,0.020000000000436557,BACKFILL_AUTO
2026-04-04 04:01:32,1775275292,BOOM900,9084.282,-1,0.021000000000640284,BACKFILL_AUTO
2026-04-04 04:01:33,1775275293,BOOM900,9084.257,-1,0.024999999999636202,BACKFILL_AUTO
2026-04-04 04:01:34,1775275294,BOOM900,9084.251,-1,0.0059999999994033715,BACKFILL_AUTO
2026-04-04 04:01:35,1775275295,BOOM900,9084.243,-1,0.007999999999810825,BACKFILL_AUTO
2026-04-04 04:01:36,1775275296,BOOM900,9084.226,-1,0.016999999999825377,BACKFILL_AUTO
2026-04-04 04:01:37,1775275297,BOOM900,9084.214,-1,0.012000000000625732,BACKFILL_AUTO
2026-04-04 04:01:38,1775275298,BOOM900,9084.205,-1,0.009000000000014552,BACKFILL_AUTO
2026-04-04 04:01:39,1775275299,BOOM900,9084.198,-1,0.006999999999607098,BACKFILL_AUTO
2026-04-04 04:01:40,1775275300,BOOM900,9084.187,-1,0.011000000000422006,BACKFILL_AUTO
2026-04-04 04:01:41,1775275301,BOOM900,9084.167,-1,0.020000000000436557,BACKFILL_AUTO
2026-04-04 04:01:42,1775275302,BOOM900,9084.151,-1,0.01599999999962165,BACKFILL_AUTO
2026-04-04 04:01:43,1775275303,BOOM900,9084.147,-1,0.003999999998995918,BACKFILL_AUTO
2026-04-04 04:01:44,1775275304,BOOM900,9084.141,-1,0.006000000001222361,BACKFILL_AUTO
2026-04-04 04:01:45,1775275305,BOOM900,9084.141,0,0.0,BACKFILL_AUTO
2026-04-04 04:01:46,1775275306,BOOM900,9084.13,-1,0.011000000000422006,BACKFILL_AUTO
2026-04-04 04:01:47,1775275307,BOOM900,9084.105,-1,0.024999999999636202,BACKFILL_AUTO
2026-04-04 04:01:48,1775275308,BOOM900,9084.096,-1,0.009000000000014552,BACKFILL_AUTO
2026-04-04 04:01:49,1775275309,BOOM900,9084.08,-1,0.01599999999962165,BACKFILL_AUTO
2026-04-04 04:01:50,1775275310,BOOM900,9084.074,-1,0.0059999999994033715,BACKFILL_AUTO
2026-04-04 04:01:51,1775275311,BOOM900,9084.069,-1,0.005000000001018634,BACKFILL_AUTO
2026-04-04 04:01:52,1775275312,BOOM900,9084.058,-1,0.010999999998603016,BACKFILL_AUTO
2026-04-04 04:01:53,1775275313,BOOM900,9084.055,-1,0.0030000000006111804,BACKFILL_AUTO
2026-04-04 04:01:54,1775275314,BOOM900,9084.034,-1,0.021000000000640284,BACKFILL_AUTO
2026-04-04 04:01:55,1775275315,BOOM900,9084.033,-1,0.0010000000002037268,BACKFILL_AUTO
2026-04-04 04:01:56,1775275316,BOOM900,9084.023,-1,0.010000000000218279,BACKFILL_AUTO
2026-04-04 04:01:57,1775275317,BOOM900,9084.004,-1,0.01899999999841384,BACKFILL_AUTO
2026-04-04 04:01:58,1775275318,BOOM900,9083.991,-1,0.01300000000082946,BACKFILL_AUTO
2026-04-04 04:01:59,1775275319,BOOM900,9083.986,-1,0.004999999999199645,BACKFILL_AUTO
2026-04-04 04:02:00,1775275320,BOOM900,9083.98,-1,0.006000000001222361,BACKFILL_AUTO
2026-04-04 04:02:01,1775275321,BOOM900,9083.96,-1,0.020000000000436557,BACKFILL_AUTO
2026-04-04 04:02:02,1775275322,BOOM900,9083.957,-1,0.002999999998792191,BACKFILL_AUTO
2026-04-04 04:02:03,1775275323,BOOM900,9083.935,-1,0.02200000000084401,BACKFILL_AUTO
2026-04-04 04:02:04,1775275324,BOOM900,9083.927,-1,0.007999999999810825,BACKFILL_AUTO
2026-04-04 04:02:05,1775275325,BOOM900,9083.911,-1,0.01599999999962165,BACKFILL_AUTO
2026-04-04 04:02:06,1775275326,BOOM900,9083.897,-1,0.013999999999214197,BACKFILL_AUTO
2026-04-04 04:02:07,1775275327,BOOM900,9083.865,-1,0.03200000000106229,BACKFILL_AUTO
2026-04-04 04:02:08,1775275328,BOOM900,9083.839,-1,0.02599999999983993,BACKFILL_AUTO
2026-04-04 04:02:09,1775275329,BOOM900,9083.839,0,0.0,BACKFILL_AUTO
2026-04-04 04:02:10,1775275330,BOOM900,9083.815,-1,0.023999999999432475,BACKFILL_AUTO
2026-04-04 04:02:11,1775275331,BOOM900,9083.811,-1,0.004000000000814907,BACKFILL_AUTO
2026-04-04 04:02:12,1775275332,BOOM900,9083.809,-1,0.0020000000004074536,BACKFILL_AUTO
2026-04-04 04:02:13,1775275333,BOOM900,9083.809,0,0.0,BACKFILL_AUTO
2026-04-04 04:02:14,1775275334,BOOM900,9083.797,-1,0.011999999998806743,BACKFILL_AUTO
2026-04-04 04:02:15,1775275335,BOOM900,9083.791,-1,0.006000000001222361,BACKFILL_AUTO
2026-04-04 04:02:16,1775275336,BOOM900,9083.786,-1,0.004999999999199645,BACKFILL_AUTO
2026-04-04 04:02:17,1775275337,BOOM900,9083.773,-1,0.01300000000082946,BACKFILL_AUTO
2026-04-04 04:02:18,1775275338,BOOM900,9083.764,-1,0.009000000000014552,BACKFILL_AUTO
2026-04-04 04:02:19,1775275339,BOOM900,9083.747,-1,0.016999999999825377,BACKFILL_AUTO
2026-04-04 04:02:20,1775275340,BOOM900,9083.736,-1,0.010999999998603016,BACKFILL_AUTO
2026-04-04 04:02:21,1775275341,BOOM900,9083.723,-1,0.01300000000082946,BACKFILL_AUTO
2026-04-04 04:02:22,1775275342,BOOM900,9083.723,0,0.0,BACKFILL_AUTO
2026-04-04 04:02:23,1775275343,BOOM900,9083.718,-1,0.004999999999199645,BACKFILL_AUTO
2026-04-04 04:02:24,1775275344,BOOM900,9083.704,-1,0.014000000001033186,BACKFILL_AUTO
2026-04-04 04:02:25,1775275345,BOOM900,9083.687,-1,0.016999999999825377,BACKFILL_AUTO
2026-04-04 04:02:26,1775275346,BOOM900,9083.683,-1,0.003999999998995918,BACKFILL_AUTO
2026-04-04 04:02:27,1775275347,BOOM900,9083.673,-1,0.010000000000218279,BACKFILL_AUTO
2026-04-04 04:02:28,1775275348,BOOM900,9083.668,-1,0.005000000001018634,BACKFILL_AUTO
2026-04-04 04:02:29,1775275349,BOOM900,9083.652,-1,0.01599999999962165,BACKFILL_AUTO
2026-04-04 04:02:30,1775275350,BOOM900,9083.649,-1,0.0030000000006111804,BACKFILL_AUTO
2026-04-04 04:02:31,1775275351,BOOM900,9083.631,-1,0.018000000000029104,BACKFILL_AUTO
2026-04-04 04:02:32,1775275352,BOOM900,9083.605,-1,0.02599999999983993,BACKFILL_AUTO
2026-04-04 04:02:33,1775275353,BOOM900,9083.602,-1,0.002999999998792191,BACKFILL_AUTO
2026-04-04 04:02:34,1775275354,BOOM900,9083.588,-1,0.014000000001033186,BACKFILL_AUTO
2026-04-04 04:02:35,1775275355,BOOM900,9083.575,-1,0.01299999999901047,BACKFILL_AUTO
2026-04-04 04:02:36,1775275356,BOOM900,9083.568,-1,0.007000000001426088,BACKFILL_AUTO
2026-04-04 04:02:37,1775275357,BOOM900,9083.563,-1,0.004999999999199645,BACKFILL_AUTO
2026-04-04 04:02:38,1775275358,BOOM900,9083.557,-1,0.0059999999994033715,BACKFILL_AUTO
2026-04-04 04:02:39,1775275359,BOOM900,9083.53,-1,0.027000000000043656,BACKFILL_AUTO
2026-04-04 04:02:40,1775275360,BOOM900,9083.51,-1,0.020000000000436557,BACKFILL_AUTO
2026-04-04 04:02:41,1775275361,BOOM900,9083.502,-1,0.007999999999810825,BACKFILL_AUTO
2026-04-04 04:02:42,1775275362,BOOM900,9083.5,-1,0.0020000000004074536,BACKFILL_AUTO
2026-04-04 04:02:43,1775275363,BOOM900,9083.486,-1,0.013999999999214197,BACKFILL_AUTO
2026-04-04 04:02:44,1775275364,BOOM900,9083.475,-1,0.011000000000422006,BACKFILL_AUTO
2026-04-04 04:02:45,1775275365,BOOM900,9083.472,-1,0.0030000000006111804,BACKFILL_AUTO
2026-04-04 04:02:46,1775275366,BOOM900,9083.467,-1,0.004999999999199645,BACKFILL_AUTO
2026-04-04 04:02:47,1775275367,BOOM900,9083.449,-1,0.018000000000029104,BACKFILL_AUTO
2026-04-04 04:02:48,1775275368,BOOM900,9083.436,-1,0.01300000000082946,BACKFILL_AUTO
2026-04-04 04:02:49,1775275369,BOOM900,9083.421,-1,0.014999999999417923,BACKFILL_AUTO
2026-04-04 04:02:50,1775275370,BOOM900,9083.401,-1,0.020000000000436557,BACKFILL_AUTO
2026-04-04 04:02:51,1775275371,BOOM900,9083.383,-1,0.018000000000029104,BACKFILL_AUTO
2026-04-04 04:02:52,1775275372,BOOM900,9083.376,-1,0.006999999999607098,BACKFILL_AUTO
2026-04-04 04:02:53,1775275373,BOOM900,9083.37,-1,0.0059999999994033715,BACKFILL_AUTO
2026-04-04 04:02:54,1775275374,BOOM900,9083.36,-1,0.010000000000218279,BACKFILL_AUTO
2026-04-04 04:02:55,1775275375,BOOM900,9083.344,-1,0.01600000000144064,BACKFILL_AUTO
2026-04-04 04:02:56,1775275376,BOOM900,9083.331,-1,0.01299999999901047,BACKFILL_AUTO
2026-04-04 04:02:57,1775275377,BOOM900,9083.323,-1,0.007999999999810825,BACKFILL_AUTO
2026-04-04 04:02:58,1775275378,BOOM900,9083.317,-1,0.006000000001222361,BACKFILL_AUTO
2026-04-04 04:02:59,1775275379,BOOM900,9083.291,-1,0.02599999999983993,BACKFILL_AUTO
2026-04-04 04:03:00,1775275380,BOOM900,9083.276,-1,0.014999999999417923,BACKFILL_AUTO
2026-04-04 04:03:01,1775275381,BOOM900,9083.267,-1,0.009000000000014552,BACKFILL_AUTO
2026-04-04 04:03:02,1775275382,BOOM900,9083.255,-1,0.012000000000625732,BACKFILL_AUTO
2026-04-04 04:03:03,1775275383,BOOM900,9083.228,-1,0.027000000000043656,BACKFILL_AUTO
2026-04-04 04:03:04,1775275384,BOOM900,9083.216,-1,0.011999999998806743,BACKFILL_AUTO
2026-04-04 04:03:05,1775275385,BOOM900,9083.215,-1,0.0010000000002037268,BACKFILL_AUTO
2026-04-04 04:03:06,1775275386,BOOM900,9083.207,-1,0.007999999999810825,BACKFILL_AUTO
2026-04-04 04:03:07,1775275387,BOOM900,9083.204,-1,0.0030000000006111804,BACKFILL_AUTO
2026-04-04 04:03:08,1775275388,BOOM900,9083.202,-1,0.0020000000004074536,BACKFILL_AUTO
2026-04-04 04:03:09,1775275389,BOOM900,9083.192,-1,0.010000000000218279,BACKFILL_AUTO
2026-04-04 04:03:10,1775275390,BOOM900,9083.172,-1,0.019999999998617568,BACKFILL_AUTO
2026-04-04 04:03:11,1775275391,BOOM900,9083.163,-1,0.009000000000014552,BACKFILL_AUTO
2026-04-04 04:03:12,1775275392,BOOM900,9083.152,-1,0.011000000000422006,BACKFILL_AUTO
2026-04-04 04:03:13,1775275393,BOOM900,9083.137,-1,0.014999999999417923,BACKFILL_AUTO
2026-04-04 04:03:14,1775275394,BOOM900,9083.131,-1,0.006000000001222361,BACKFILL_AUTO
2026-04-04 04:03:15,1775275395,BOOM900,9083.115,-1,0.01599999999962165,BACKFILL_AUTO
2026-04-04 04:03:16,1775275396,BOOM900,9083.104,-1,0.011000000000422006,BACKFILL_AUTO
2026-04-04 04:03:17,1775275397,BOOM900,9083.103,-1,0.0010000000002037268,BACKFILL_AUTO
2026-04-04 04:03:18,1775275398,BOOM900,9083.098,-1,0.004999999999199645,BACKFILL_AUTO
2026-04-04 04:03:19,1775275399,BOOM900,9083.091,-1,0.006999999999607098,BACKFILL_AUTO
2026-04-04 04:03:20,1775275400,BOOM900,9083.09,-1,0.0010000000002037268,BACKFILL_AUTO
2026-04-04 04:03:21,1775275401,BOOM900,9083.075,-1,0.014999999999417923,BACKFILL_AUTO
2026-04-04 04:03:22,1775275402,BOOM900,9083.071,-1,0.004000000000814907,BACKFILL_AUTO
2026-04-04 04:03:23,1775275403,BOOM900,9083.056,-1,0.014999999999417923,BACKFILL_AUTO
2026-04-04 04:03:24,1775275404,BOOM900,9083.041,-1,0.015000000001236913,BACKFILL_AUTO
2026-04-04 04:03:25,1775275405,BOOM900,9083.039,-1,0.0019999999985884642,BACKFILL_AUTO
2026-04-04 04:03:26,1775275406,BOOM900,9083.035,-1,0.004000000000814907,BACKFILL_AUTO
2026-04-04 04:03:27,1775275407,BOOM900,9083.025,-1,0.010000000000218279,BACKFILL_AUTO
2026-04-04 04:03:28,1775275408,BOOM900,9083.02,-1,0.004999999999199645,BACKFILL_AUTO
2026-04-04 04:03:29,1775275409,BOOM900,9083.015,-1,0.005000000001018634,BACKFILL_AUTO
2026-04-04 04:03:30,1775275410,BOOM900,9082.994,-1,0.020999999998821295,BACKFILL_AUTO
2026-04-04 04:03:31,1775275411,BOOM900,9082.987,-1,0.007000000001426088,BACKFILL_AUTO
2026-04-04 04:03:32,1775275412,BOOM900,9082.971,-1,0.01599999999962165,BACKFILL_AUTO
2026-04-04 04:03:33,1775275413,BOOM900,9082.954,-1,0.016999999999825377,BACKFILL_AUTO
2026-04-04 04:03:34,1775275414,BOOM900,9082.947,-1,0.006999999999607098,BACKFILL_AUTO
2026-04-04 04:03:35,1775275415,BOOM900,9082.946,-1,0.0010000000002037268,BACKFILL_AUTO
2026-04-04 04:03:36,1775275416,BOOM900,9082.914,-1,0.0319999999992433,BACKFILL_AUTO
2026-04-04 04:03:37,1775275417,BOOM900,9082.905,-1,0.009000000000014552,BACKFILL_AUTO
2026-04-04 04:03:38,1775275418,BOOM900,9082.903,-1,0.0020000000004074536,BACKFILL_AUTO
2026-04-04 04:03:39,1775275419,BOOM900,9082.891,-1,0.012000000000625732,BACKFILL_AUTO
2026-04-04 04:03:40,1775275420,BOOM900,9082.884,-1,0.006999999999607098,BACKFILL_AUTO
2026-04-04 04:03:41,1775275421,BOOM900,9082.871,-1,0.01300000000082946,BACKFILL_AUTO
2026-04-04 04:03:42,1775275422,BOOM900,9082.86,-1,0.010999999998603016,BACKFILL_AUTO
2026-04-04 04:03:43,1775275423,BOOM900,9082.851,-1,0.009000000000014552,BACKFILL_AUTO
2026-04-04 04:03:44,1775275424,BOOM900,9082.839,-1,0.012000000000625732,BACKFILL_AUTO
2026-04-04 04:03:45,1775275425,BOOM900,9082.828,-1,0.011000000000422006,BACKFILL_AUTO
2026-04-04 04:03:46,1775275426,BOOM900,9082.827,-1,0.0010000000002037268,BACKFILL_AUTO
2026-04-04 04:03:47,1775275427,BOOM900,9082.826,-1,0.0010000000002037268,BACKFILL_AUTO
2026-04-04 04:03:48,1775275428,BOOM900,9082.818,-1,0.007999999999810825,BACKFILL_AUTO
2026-04-04 04:03:49,1775275429,BOOM900,9082.812,-1,0.0059999999994033715,BACKFILL_AUTO
2026-04-04 04:03:50,1775275430,BOOM900,9082.794,-1,0.018000000000029104,BACKFILL_AUTO
2026-04-04 04:03:51,1775275431,BOOM900,9082.783,-1,0.011000000000422006,BACKFILL_AUTO
2026-04-04 04:03:52,1775275432,BOOM900,9082.769,-1,0.013999999999214197,BACKFILL_AUTO
2026-04-04 04:03:53,1775275433,BOOM900,9082.762,-1,0.006999999999607098,BACKFILL_AUTO
2026-04-04 04:03:54,1775275434,BOOM900,9082.753,-1,0.009000000000014552,BACKFILL_AUTO
2026-04-04 04:03:55,1775275435,BOOM900,9082.732,-1,0.021000000000640284,BACKFILL_AUTO
2026-04-04 04:03:56,1775275436,BOOM900,9082.716,-1,0.01599999999962165,BACKFILL_AUTO
2026-04-04 04:03:57,1775275437,BOOM900,9082.705,-1,0.011000000000422006,BACKFILL_AUTO
2026-04-04 04:03:58,1775275438,BOOM900,9082.699,-1,0.0059999999994033715,BACKFILL_AUTO
2026-04-04 04:03:59,1775275439,BOOM900,9082.678,-1,0.021000000000640284,BACKFILL_AUTO
2026-04-04 04:04:00,1775275440,BOOM900,9082.676,-1,0.0020000000004074536,BACKFILL_AUTO
2026-04-04 04:04:01,1775275441,BOOM900,9082.67,-1,0.0059999999994033715,BACKFILL_AUTO
2026-04-04 04:04:02,1775275442,BOOM900,9082.661,-1,0.009000000000014552,BACKFILL_AUTO
2026-04-04 04:04:03,1775275443,BOOM900,9082.638,-1,0.02299999999922875,BACKFILL_AUTO
2026-04-04 04:04:04,1775275444,BOOM900,9082.625,-1,0.01300000000082946,BACKFILL_AUTO
2026-04-04 04:04:05,1775275445,BOOM900,9082.613,-1,0.012000000000625732,BACKFILL_AUTO
2026-04-04 04:04:06,1775275446,BOOM900,9082.603,-1,0.010000000000218279,BACKFILL_AUTO
2026-04-04 04:04:07,1775275447,BOOM900,9082.602,-1,0.0009999999983847374,BACKFILL_AUTO
2026-04-04 04:04:08,1775275448,BOOM900,9082.587,-1,0.015000000001236913,BACKFILL_AUTO
2026-04-04 04:04:09,1775275449,BOOM900,9082.558,-1,0.02899999999863212,BACKFILL_AUTO
2026-04-04 04:04:10,1775275450,BOOM900,9082.541,-1,0.017000000001644366,BACKFILL_AUTO
2026-04-04 04:04:11,1775275451,BOOM900,9082.538,-1,0.002999999998792191,BACKFILL_AUTO
2026-04-04 04:04:12,1775275452,BOOM900,9082.524,-1,0.014000000001033186,BACKFILL_AUTO
2026-04-04 04:04:13,1775275453,BOOM900,9082.5,-1,0.023999999999432475,BACKFILL_AUTO
2026-04-04 04:04:14,1775275454,BOOM900,9082.491,-1,0.009000000000014552,BACKFILL_AUTO
2026-04-04 04:04:15,1775275455,BOOM900,9082.469,-1,0.02200000000084401,BACKFILL_AUTO
2026-04-04 04:04:16,1775275456,BOOM900,9082.468,-1,0.0009999999983847374,BACKFILL_AUTO
2026-04-04 04:04:17,1775275457,BOOM900,9082.451,-1,0.017000000001644366,BACKFILL_AUTO
2026-04-04 04:04:18,1775275458,BOOM900,9098.131,1,15.680000000000291,BACKFILL_AUTO
2026-04-04 04:04:19,1775275459,BOOM900,9098.124,-1,0.006999999999607098,BACKFILL_AUTO
2026-04-04 04:04:20,1775275460,BOOM900,9098.106,-1,0.018000000000029104,BACKFILL_AUTO
2026-04-04 04:04:21,1775275461,BOOM900,9098.088,-1,0.018000000000029104,BACKFILL_AUTO
2026-04-04 04:04:22,1775275462,BOOM900,9098.085,-1,0.0030000000006111804,BACKFILL_AUTO
2026-04-04 04:04:23,1775275463,BOOM900,9098.074,-1,0.010999999998603016,BACKFILL_AUTO
2026-04-04 04:04:24,1775275464,BOOM900,9098.068,-1,0.006000000001222361,BACKFILL_AUTO
2026-04-04 04:04:25,1775275465,BOOM900,9098.054,-1,0.013999999999214197,BACKFILL_AUTO
2026-04-04 04:04:26,1775275466,BOOM900,9098.044,-1,0.010000000000218279,BACKFILL_AUTO
2026-04-04 04:04:27,1775275467,BOOM900,9098.043,-1,0.0010000000002037268,BACKFILL_AUTO
2026-04-04 04:04:28,1775275468,BOOM900,9098.028,-1,0.014999999999417923,BACKFILL_AUTO
2026-04-04 04:04:29,1775275469,BOOM900,9098.016,-1,0.012000000000625732,BACKFILL_AUTO
2026-04-04 04:04:30,1775275470,BOOM900,9098.0,-1,0.01599999999962165,BACKFILL_AUTO
2026-04-04 04:04:31,1775275471,BOOM900,9097.987,-1,0.01300000000082946,BACKFILL_AUTO
2026-04-04 04:04:32,1775275472,BOOM900,9097.981,-1,0.0059999999994033715,BACKFILL_AUTO
2026-04-04 04:04:33,1775275473,BOOM900,9097.979,-1,0.0020000000004074536,BACKFILL_AUTO
2026-04-04 04:04:34,1775275474,BOOM900,9097.973,-1,0.0059999999994033715,BACKFILL_AUTO
2026-04-04 04:04:35,1775275475,BOOM900,9097.956,-1,0.016999999999825377,BACKFILL_AUTO
2026-04-04 04:04:36,1775275476,BOOM900,9097.95,-1,0.0059999999994033715,BACKFILL_AUTO
2026-04-04 04:04:37,1775275477,BOOM900,9097.931,-1,0.01900000000023283,BACKFILL_AUTO
2026-04-04 04:04:38,1775275478,BOOM900,9097.917,-1,0.014000000001033186,BACKFILL_AUTO
2026-04-04 04:04:39,1775275479,BOOM900,9097.906,-1,0.010999999998603016,BACKFILL_AUTO
2026-04-04 04:04:40,1775275480,BOOM900,9097.902,-1,0.004000000000814907,BACKFILL_AUTO
2026-04-04 04:04:41,1775275481,BOOM900,9097.889,-1,0.01300000000082946,BACKFILL_AUTO
2026-04-04 04:04:42,1775275482,BOOM900,9097.885,-1,0.003999999998995918,BACKFILL_AUTO
2026-04-04 04:04:43,1775275483,BOOM900,9097.884,-1,0.0010000000002037268,BACKFILL_AUTO
2026-04-04 04:04:44,1775275484,BOOM900,9097.878,-1,0.0059999999994033715,BACKFILL_AUTO
2026-04-04 04:04:45,1775275485,BOOM900,9097.858,-1,0.020000000000436557,BACKFILL_AUTO
2026-04-04 04:04:46,1775275486,BOOM900,9097.847,-1,0.011000000000422006,BACKFILL_AUTO
2026-04-04 04:04:47,1775275487,BOOM900,9097.84,-1,0.006999999999607098,BACKFILL_AUTO
2026-04-04 04:04:48,1775275488,BOOM900,9097.831,-1,0.009000000000014552,BACKFILL_AUTO
2026-04-04 04:04:49,1775275489,BOOM900,9097.82,-1,0.011000000000422006,BACKFILL_AUTO
2026-04-04 04:04:50,1775275490,BOOM900,9097.803,-1,0.016999999999825377,BACKFILL_AUTO
2026-04-04 04:04:51,1775275491,BOOM900,9097.801,-1,0.0020000000004074536,BACKFILL_AUTO
2026-04-04 04:04:52,1775275492,BOOM900,9097.785,-1,0.01599999999962165,BACKFILL_AUTO
2026-04-04 04:04:53,1775275493,BOOM900,9097.774,-1,0.011000000000422006,BACKFILL_AUTO
2026-04-04 04:04:54,1775275494,BOOM900,9097.767,-1,0.006999999999607098,BACKFILL_AUTO
2026-04-04 04:04:55,1775275495,BOOM900,9097.764,-1,0.0030000000006111804,BACKFILL_AUTO
2026-04-04 04:04:56,1775275496,BOOM900,9097.763,-1,0.0009999999983847374,BACKFILL_AUTO
2026-04-04 04:04:57,1775275497,BOOM900,9097.748,-1,0.015000000001236913,BACKFILL_AUTO
2026-04-04 04:04:58,1775275498,BOOM900,9097.743,-1,0.004999999999199645,BACKFILL_AUTO
2026-04-04 04:04:59,1775275499,BOOM900,9097.729,-1,0.014000000001033186,BACKFILL_AUTO
2026-04-04 04:05:00,1775275500,BOOM900,9097.715,-1,0.013999999999214197,BACKFILL_AUTO
2026-04-04 04:05:01,1775275501,BOOM900,9097.705,-1,0.010000000000218279,BACKFILL_AUTO
2026-04-04 04:05:02,1775275502,BOOM900,9097.687,-1,0.018000000000029104,BACKFILL_AUTO
2026-04-04 04:05:03,1775275503,BOOM900,9097.678,-1,0.009000000000014552,BACKFILL_AUTO
2026-04-04 04:05:04,1775275504,BOOM900,9097.669,-1,0.009000000000014552,BACKFILL_AUTO
2026-04-04 04:05:05,1775275505,BOOM900,9097.651,-1,0.018000000000029104,BACKFILL_AUTO
2026-04-04 04:05:06,1775275506,BOOM900,9097.637,-1,0.013999999999214197,BACKFILL_AUTO
2026-04-04 04:05:07,1775275507,BOOM900,9097.624,-1,0.01300000000082946,BACKFILL_AUTO
2026-04-04 04:05:08,1775275508,BOOM900,9097.619,-1,0.004999999999199645,BACKFILL_AUTO
2026-04-04 04:05:09,1775275509,BOOM900,9097.606,-1,0.01300000000082946,BACKFILL_AUTO
2026-04-04 04:05:10,1775275510,BOOM900,9097.59,-1,0.01599999999962165,BACKFILL_AUTO
2026-04-04 04:05:11,1775275511,BOOM900,9097.589,-1,0.0010000000002037268,BACKFILL_AUTO
2026-04-04 04:05:12,1775275512,BOOM900,9097.589,0,0.0,BACKFILL_AUTO
2026-04-04 04:05:13,1775275513,BOOM900,9097.586,-1,0.0030000000006111804,BACKFILL_AUTO
2026-04-04 04:05:14,1775275514,BOOM900,9097.57,-1,0.01599999999962165,BACKFILL_AUTO
2026-04-04 04:05:15,1775275515,BOOM900,9097.558,-1,0.011999999998806743,BACKFILL_AUTO
2026-04-04 04:05:16,1775275516,BOOM900,9097.555,-1,0.0030000000006111804,BACKFILL_AUTO
2026-04-04 04:05:17,1775275517,BOOM900,9097.554,-1,0.0010000000002037268,BACKFILL_AUTO
2026-04-04 04:05:18,1775275518,BOOM900,9097.553,-1,0.0010000000002037268,BACKFILL_AUTO
2026-04-04 04:05:19,1775275519,BOOM900,9097.541,-1,0.012000000000625732,BACKFILL_AUTO
2026-04-04 04:05:20,1775275520,BOOM900,9097.527,-1,0.013999999999214197,BACKFILL_AUTO
2026-04-04 04:05:21,1775275521,BOOM900,9097.508,-1,0.01900000000023283,BACKFILL_AUTO
2026-04-04 04:05:22,1775275522,BOOM900,9097.508,0,0.0,BACKFILL_AUTO
2026-04-04 04:05:23,1775275523,BOOM900,9097.49,-1,0.018000000000029104,BACKFILL_AUTO
2026-04-04 04:05:24,1775275524,BOOM900,9097.472,-1,0.018000000000029104,BACKFILL_AUTO
2026-04-04 04:05:25,1775275525,BOOM900,9097.455,-1,0.016999999999825377,BACKFILL_AUTO
2026-04-04 04:05:26,1775275526,BOOM900,9097.446,-1,0.009000000000014552,BACKFILL_AUTO
2026-04-04 04:05:27,1775275527,BOOM900,9097.43,-1,0.01599999999962165,BACKFILL_AUTO
2026-04-04 04:05:28,1775275528,BOOM900,9097.425,-1,0.005000000001018634,BACKFILL_AUTO
2026-04-04 04:05:29,1775275529,BOOM900,9097.407,-1,0.018000000000029104,BACKFILL_AUTO
2026-04-04 04:05:30,1775275530,BOOM900,9097.394,-1,0.01299999999901047,BACKFILL_AUTO
2026-04-04 04:05:31,1775275531,BOOM900,9097.37,-1,0.023999999999432475,BACKFILL_AUTO
2026-04-04 04:05:32,1775275532,BOOM900,9097.358,-1,0.012000000000625732,BACKFILL_AUTO
2026-04-04 04:05:33,1775275533,BOOM900,9097.35,-1,0.007999999999810825,BACKFILL_AUTO
2026-04-04 04:05:34,1775275534,BOOM900,9097.344,-1,0.006000000001222361,BACKFILL_AUTO
2026-04-04 04:05:35,1775275535,BOOM900,9097.34,-1,0.003999999998995918,BACKFILL_AUTO
2026-04-04 04:05:36,1775275536,BOOM900,9097.333,-1,0.006999999999607098,BACKFILL_AUTO
2026-04-04 04:05:37,1775275537,BOOM900,9097.308,-1,0.024999999999636202,BACKFILL_AUTO
2026-04-04 04:05:38,1775275538,BOOM900,9097.299,-1,0.009000000000014552,BACKFILL_AUTO
2026-04-04 04:05:39,1775275539,BOOM900,9097.279,-1,0.020000000000436557,BACKFILL_AUTO
2026-04-04 04:05:40,1775275540,BOOM900,9097.266,-1,0.01300000000082946,BACKFILL_AUTO
2026-04-04 04:05:41,1775275541,BOOM900,9097.256,-1,0.010000000000218279,BACKFILL_AUTO
2026-04-04 04:05:42,1775275542,BOOM900,9097.252,-1,0.003999999998995918,BACKFILL_AUTO
2026-04-04 04:05:43,1775275543,BOOM900,9097.246,-1,0.006000000001222361,BACKFILL_AUTO
2026-04-04 04:05:44,1775275544,BOOM900,9097.234,-1,0.011999999998806743,BACKFILL_AUTO
2026-04-04 04:05:45,1775275545,BOOM900,9097.218,-1,0.01599999999962165,BACKFILL_AUTO
2026-04-04 04:05:46,1775275546,BOOM900,9097.217,-1,0.0010000000002037268,BACKFILL_AUTO
2026-04-04 04:05:47,1775275547,BOOM900,9097.215,-1,0.0020000000004074536,BACKFILL_AUTO
2026-04-04 04:05:48,1775275548,BOOM900,9097.21,-1,0.005000000001018634,BACKFILL_AUTO
2026-04-04 04:05:49,1775275549,BOOM900,9097.204,-1,0.0059999999994033715,BACKFILL_AUTO
2026-04-04 04:05:50,1775275550,BOOM900,9097.196,-1,0.007999999999810825,BACKFILL_AUTO
2026-04-04 04:05:51,1775275551,BOOM900,9097.192,-1,0.004000000000814907,BACKFILL_AUTO
2026-04-04 04:05:52,1775275552,BOOM900,9097.179,-1,0.01299999999901047,BACKFILL_AUTO
2026-04-04 04:05:53,1775275553,BOOM900,9097.174,-1,0.004999999999199645,BACKFILL_AUTO
2026-04-04 04:05:54,1775275554,BOOM900,9097.147,-1,0.027000000000043656,BACKFILL_AUTO
2026-04-04 04:05:55,1775275555,BOOM900,9097.137,-1,0.010000000000218279,BACKFILL_AUTO
2026-04-04 04:05:56,1775275556,BOOM900,9097.135,-1,0.0020000000004074536,BACKFILL_AUTO
2026-04-04 04:05:57,1775275557,BOOM900,9097.133,-1,0.0020000000004074536,BACKFILL_AUTO
2026-04-04 04:05:58,1775275558,BOOM900,9097.123,-1,0.010000000000218279,BACKFILL_AUTO
2026-04-04 04:05:59,1775275559,BOOM900,9097.101,-1,0.02199999999902502,BACKFILL_AUTO
2026-04-04 04:06:00,1775275560,BOOM900,9097.088,-1,0.01300000000082946,BACKFILL_AUTO
2026-04-04 04:06:01,1775275561,BOOM900,9097.076,-1,0.012000000000625732,BACKFILL_AUTO
2026-04-04 04:06:02,1775275562,BOOM900,9097.073,-1,0.002999999998792191,BACKFILL_AUTO
2026-04-04 04:06:03,1775275563,BOOM900,9097.071,-1,0.0020000000004074536,BACKFILL_AUTO
2026-04-04 04:06:04,1775275564,BOOM900,9097.066,-1,0.004999999999199645,BACKFILL_AUTO
2026-04-04 04:06:05,1775275565,BOOM900,9097.05,-1,0.01600000000144064,BACKFILL_AUTO
2026-04-04 04:06:06,1775275566,BOOM900,9097.031,-1,0.01899999999841384,BACKFILL_AUTO
2026-04-04 04:06:07,1775275567,BOOM900,9097.03,-1,0.0010000000002037268,BACKFILL_AUTO
2026-04-04 04:06:08,1775275568,BOOM900,9097.013,-1,0.016999999999825377,BACKFILL_AUTO
2026-04-04 04:06:09,1775275569,BOOM900,9096.991,-1,0.02200000000084401,BACKFILL_AUTO
2026-04-04 04:06:10,1775275570,BOOM900,9096.984,-1,0.006999999999607098,BACKFILL_AUTO
2026-04-04 04:06:11,1775275571,BOOM900,9096.975,-1,0.009000000000014552,BACKFILL_AUTO
2026-04-04 04:06:12,1775275572,BOOM900,9096.965,-1,0.010000000000218279,BACKFILL_AUTO
2026-04-04 04:06:13,1775275573,BOOM900,9096.955,-1,0.010000000000218279,BACKFILL_AUTO
2026-04-04 04:06:14,1775275574,BOOM900,9096.933,-1,0.02199999999902502,BACKFILL_AUTO
2026-04-04 04:06:15,1775275575,BOOM900,9096.932,-1,0.0010000000002037268,BACKFILL_AUTO
2026-04-04 04:06:16,1775275576,BOOM900,9096.928,-1,0.004000000000814907,BACKFILL_AUTO
2026-04-04 04:06:17,1775275577,BOOM900,9096.922,-1,0.0059999999994033715,BACKFILL_AUTO
2026-04-04 04:06:18,1775275578,BOOM900,9096.907,-1,0.015000000001236913,BACKFILL_AUTO
