timestamp,unix_time,instrument,price,direction,tick_size,session_id
2026-04-05 01:28:43,1775352523,BOOM500,5168.402,0,,BACKFILL_AUTO
2026-04-05 01:28:44,1775352524,BOOM500,5168.39,-1,0.011999999999716238,BACKFILL_AUTO
2026-04-05 01:28:45,1775352525,BOOM500,5168.362,-1,0.028000000000247383,BACKFILL_AUTO
2026-04-05 01:28:46,1775352526,BOOM500,5168.354,-1,0.007999999999810825,BACKFILL_AUTO
2026-04-05 01:28:47,1775352527,BOOM500,5168.34,-1,0.014000000000123691,BACKFILL_AUTO
2026-04-05 01:28:48,1775352528,BOOM500,5168.339,-1,0.0010000000002037268,BACKFILL_AUTO
2026-04-05 01:28:49,1775352529,BOOM500,5168.327,-1,0.011999999999716238,BACKFILL_AUTO
2026-04-05 01:28:50,1775352530,BOOM500,5168.321,-1,0.006000000000312866,BACKFILL_AUTO
2026-04-05 01:28:51,1775352531,BOOM500,5168.297,-1,0.02400000000034197,BACKFILL_AUTO
2026-04-05 01:28:52,1775352532,BOOM500,5168.272,-1,0.024999999999636202,BACKFILL_AUTO
2026-04-05 01:28:53,1775352533,BOOM500,5168.26,-1,0.011999999999716238,BACKFILL_AUTO
2026-04-05 01:28:54,1775352534,BOOM500,5168.255,-1,0.005000000000109139,BACKFILL_AUTO
2026-04-05 01:28:55,1775352535,BOOM500,5168.252,-1,0.0029999999997016857,BACKFILL_AUTO
2026-04-05 01:28:56,1775352536,BOOM500,5168.251,-1,0.0010000000002037268,BACKFILL_AUTO
2026-04-05 01:28:57,1775352537,BOOM500,5168.245,-1,0.006000000000312866,BACKFILL_AUTO
2026-04-05 01:28:58,1775352538,BOOM500,5168.243,-1,0.001999999999497959,BACKFILL_AUTO
2026-04-05 01:28:59,1775352539,BOOM500,5168.221,-1,0.02200000000084401,BACKFILL_AUTO
2026-04-05 01:29:00,1775352540,BOOM500,5168.219,-1,0.001999999999497959,BACKFILL_AUTO
2026-04-05 01:29:01,1775352541,BOOM500,5168.216,-1,0.0029999999997016857,BACKFILL_AUTO
2026-04-05 01:29:02,1775352542,BOOM500,5168.197,-1,0.01900000000023283,BACKFILL_AUTO
2026-04-05 01:29:03,1775352543,BOOM500,5168.191,-1,0.006000000000312866,BACKFILL_AUTO
2026-04-05 01:29:04,1775352544,BOOM500,5168.188,-1,0.0029999999997016857,BACKFILL_AUTO
2026-04-05 01:29:05,1775352545,BOOM500,5168.172,-1,0.016000000000531145,BACKFILL_AUTO
2026-04-05 01:29:06,1775352546,BOOM500,5168.152,-1,0.019999999999527063,BACKFILL_AUTO
2026-04-05 01:29:07,1775352547,BOOM500,5168.143,-1,0.009000000000014552,BACKFILL_AUTO
2026-04-05 01:29:08,1775352548,BOOM500,5168.126,-1,0.016999999999825377,BACKFILL_AUTO
2026-04-05 01:29:09,1775352549,BOOM500,5168.117,-1,0.009000000000014552,BACKFILL_AUTO
2026-04-05 01:29:10,1775352550,BOOM500,5168.116,-1,0.0010000000002037268,BACKFILL_AUTO
2026-04-05 01:29:11,1775352551,BOOM500,5168.114,-1,0.0020000000004074536,BACKFILL_AUTO
2026-04-05 01:29:12,1775352552,BOOM500,5168.113,-1,0.0009999999992942321,BACKFILL_AUTO
2026-04-05 01:29:13,1775352553,BOOM500,5168.111,-1,0.0020000000004074536,BACKFILL_AUTO
2026-04-05 01:29:14,1775352554,BOOM500,5168.108,-1,0.0029999999997016857,BACKFILL_AUTO
2026-04-05 01:29:15,1775352555,BOOM500,5168.105,-1,0.0030000000006111804,BACKFILL_AUTO
2026-04-05 01:29:16,1775352556,BOOM500,5168.101,-1,0.0039999999999054126,BACKFILL_AUTO
2026-04-05 01:29:17,1775352557,BOOM500,5168.099,-1,0.001999999999497959,BACKFILL_AUTO
2026-04-05 01:29:18,1775352558,BOOM500,5168.086,-1,0.012999999999919964,BACKFILL_AUTO
2026-04-05 01:29:19,1775352559,BOOM500,5168.075,-1,0.011000000000422006,BACKFILL_AUTO
2026-04-05 01:29:20,1775352560,BOOM500,5168.063,-1,0.011999999999716238,BACKFILL_AUTO
2026-04-05 01:29:21,1775352561,BOOM500,5168.047,-1,0.016000000000531145,BACKFILL_AUTO
2026-04-05 01:29:22,1775352562,BOOM500,5168.04,-1,0.006999999999607098,BACKFILL_AUTO
2026-04-05 01:29:23,1775352563,BOOM500,5168.027,-1,0.012999999999919964,BACKFILL_AUTO
2026-04-05 01:29:24,1775352564,BOOM500,5168.015,-1,0.011999999999716238,BACKFILL_AUTO
2026-04-05 01:29:25,1775352565,BOOM500,5168.007,-1,0.00800000000072032,BACKFILL_AUTO
2026-04-05 01:29:26,1775352566,BOOM500,5168.002,-1,0.004999999999199645,BACKFILL_AUTO
2026-04-05 01:29:27,1775352567,BOOM500,5167.994,-1,0.00800000000072032,BACKFILL_AUTO
2026-04-05 01:29:28,1775352568,BOOM500,5167.978,-1,0.01599999999962165,BACKFILL_AUTO
2026-04-05 01:29:29,1775352569,BOOM500,5167.973,-1,0.005000000000109139,BACKFILL_AUTO
2026-04-05 01:29:30,1775352570,BOOM500,5167.962,-1,0.01099999999951251,BACKFILL_AUTO
2026-04-05 01:29:31,1775352571,BOOM500,5167.959,-1,0.0030000000006111804,BACKFILL_AUTO
2026-04-05 01:29:32,1775352572,BOOM500,5167.952,-1,0.006999999999607098,BACKFILL_AUTO
2026-04-05 01:29:33,1775352573,BOOM500,5167.941,-1,0.011000000000422006,BACKFILL_AUTO
2026-04-05 01:29:34,1775352574,BOOM500,5167.934,-1,0.006999999999607098,BACKFILL_AUTO
2026-04-05 01:29:35,1775352575,BOOM500,5167.923,-1,0.011000000000422006,BACKFILL_AUTO
2026-04-05 01:29:36,1775352576,BOOM500,5167.901,-1,0.021999999999934516,BACKFILL_AUTO
2026-04-05 01:29:37,1775352577,BOOM500,5167.898,-1,0.0029999999997016857,BACKFILL_AUTO
2026-04-05 01:29:38,1775352578,BOOM500,5167.894,-1,0.0039999999999054126,BACKFILL_AUTO
2026-04-05 01:29:39,1775352579,BOOM500,5167.879,-1,0.015000000000327418,BACKFILL_AUTO
2026-04-05 01:29:40,1775352580,BOOM500,5167.877,-1,0.001999999999497959,BACKFILL_AUTO
2026-04-05 01:29:41,1775352581,BOOM500,5167.876,-1,0.0010000000002037268,BACKFILL_AUTO
2026-04-05 01:29:42,1775352582,BOOM500,5167.862,-1,0.014000000000123691,BACKFILL_AUTO
2026-04-05 01:29:43,1775352583,BOOM500,5167.854,-1,0.007999999999810825,BACKFILL_AUTO
2026-04-05 01:29:44,1775352584,BOOM500,5167.85,-1,0.0039999999999054126,BACKFILL_AUTO
2026-04-05 01:29:45,1775352585,BOOM500,5167.829,-1,0.021000000000640284,BACKFILL_AUTO
2026-04-05 01:29:46,1775352586,BOOM500,5167.802,-1,0.027000000000043656,BACKFILL_AUTO
2026-04-05 01:29:47,1775352587,BOOM500,5167.79,-1,0.011999999999716238,BACKFILL_AUTO
2026-04-05 01:29:48,1775352588,BOOM500,5167.786,-1,0.0039999999999054126,BACKFILL_AUTO
2026-04-05 01:29:49,1775352589,BOOM500,5167.77,-1,0.01599999999962165,BACKFILL_AUTO
2026-04-05 01:29:50,1775352590,BOOM500,5167.754,-1,0.016000000000531145,BACKFILL_AUTO
2026-04-05 01:29:51,1775352591,BOOM500,5167.743,-1,0.01099999999951251,BACKFILL_AUTO
2026-04-05 01:29:52,1775352592,BOOM500,5167.738,-1,0.005000000000109139,BACKFILL_AUTO
2026-04-05 01:29:53,1775352593,BOOM500,5167.732,-1,0.006000000000312866,BACKFILL_AUTO
2026-04-05 01:29:54,1775352594,BOOM500,5167.704,-1,0.028000000000247383,BACKFILL_AUTO
2026-04-05 01:29:55,1775352595,BOOM500,5167.7,-1,0.0039999999999054126,BACKFILL_AUTO
2026-04-05 01:29:56,1775352596,BOOM500,5167.698,-1,0.001999999999497959,BACKFILL_AUTO
2026-04-05 01:29:57,1775352597,BOOM500,5167.678,-1,0.020000000000436557,BACKFILL_AUTO
2026-04-05 01:29:58,1775352598,BOOM500,5167.676,-1,0.001999999999497959,BACKFILL_AUTO
2026-04-05 01:29:59,1775352599,BOOM500,5167.672,-1,0.004000000000814907,BACKFILL_AUTO
2026-04-05 01:30:00,1775352600,BOOM500,5175.677,1,8.00500000000011,BACKFILL_AUTO
2026-04-05 01:30:01,1775352601,BOOM500,5175.669,-1,0.007999999999810825,BACKFILL_AUTO
2026-04-05 01:30:02,1775352602,BOOM500,5175.661,-1,0.007999999999810825,BACKFILL_AUTO
2026-04-05 01:30:03,1775352603,BOOM500,5175.647,-1,0.014000000000123691,BACKFILL_AUTO
2026-04-05 01:30:04,1775352604,BOOM500,5175.646,-1,0.0010000000002037268,BACKFILL_AUTO
2026-04-05 01:30:05,1775352605,BOOM500,5175.636,-1,0.009999999999308784,BACKFILL_AUTO
2026-04-05 01:30:06,1775352606,BOOM500,5175.617,-1,0.01900000000023283,BACKFILL_AUTO
2026-04-05 01:30:07,1775352607,BOOM500,5175.598,-1,0.01900000000023283,BACKFILL_AUTO
2026-04-05 01:30:08,1775352608,BOOM500,5175.577,-1,0.02099999999973079,BACKFILL_AUTO
2026-04-05 01:30:09,1775352609,BOOM500,5175.567,-1,0.010000000000218279,BACKFILL_AUTO
2026-04-05 01:30:10,1775352610,BOOM500,5175.563,-1,0.0039999999999054126,BACKFILL_AUTO
2026-04-05 01:30:11,1775352611,BOOM500,5175.551,-1,0.011999999999716238,BACKFILL_AUTO
2026-04-05 01:30:12,1775352612,BOOM500,5175.531,-1,0.020000000000436557,BACKFILL_AUTO
2026-04-05 01:30:13,1775352613,BOOM500,5175.529,-1,0.001999999999497959,BACKFILL_AUTO
2026-04-05 01:30:14,1775352614,BOOM500,5175.527,-1,0.0020000000004074536,BACKFILL_AUTO
2026-04-05 01:30:15,1775352615,BOOM500,5175.521,-1,0.006000000000312866,BACKFILL_AUTO
2026-04-05 01:30:16,1775352616,BOOM500,5175.517,-1,0.0039999999999054126,BACKFILL_AUTO
2026-04-05 01:30:17,1775352617,BOOM500,5175.484,-1,0.03299999999944703,BACKFILL_AUTO
2026-04-05 01:30:18,1775352618,BOOM500,5175.481,-1,0.0030000000006111804,BACKFILL_AUTO
2026-04-05 01:30:19,1775352619,BOOM500,5175.474,-1,0.006999999999607098,BACKFILL_AUTO
2026-04-05 01:30:20,1775352620,BOOM500,5175.468,-1,0.006000000000312866,BACKFILL_AUTO
2026-04-05 01:30:21,1775352621,BOOM500,5175.467,-1,0.0010000000002037268,BACKFILL_AUTO
2026-04-05 01:30:22,1775352622,BOOM500,5175.449,-1,0.018000000000029104,BACKFILL_AUTO
2026-04-05 01:30:23,1775352623,BOOM500,5175.445,-1,0.0039999999999054126,BACKFILL_AUTO
2026-04-05 01:30:24,1775352624,BOOM500,5175.434,-1,0.01099999999951251,BACKFILL_AUTO
2026-04-05 01:30:25,1775352625,BOOM500,5175.412,-1,0.021999999999934516,BACKFILL_AUTO
2026-04-05 01:30:26,1775352626,BOOM500,5175.394,-1,0.018000000000029104,BACKFILL_AUTO
2026-04-05 01:30:27,1775352627,BOOM500,5175.394,0,0.0,BACKFILL_AUTO
2026-04-05 01:30:28,1775352628,BOOM500,5175.385,-1,0.009000000000014552,BACKFILL_AUTO
2026-04-05 01:30:29,1775352629,BOOM500,5175.377,-1,0.007999999999810825,BACKFILL_AUTO
2026-04-05 01:30:30,1775352630,BOOM500,5175.356,-1,0.021000000000640284,BACKFILL_AUTO
2026-04-05 01:30:31,1775352631,BOOM500,5175.344,-1,0.011999999999716238,BACKFILL_AUTO
2026-04-05 01:30:32,1775352632,BOOM500,5175.332,-1,0.011999999999716238,BACKFILL_AUTO
2026-04-05 01:30:33,1775352633,BOOM500,5175.332,0,0.0,BACKFILL_AUTO
2026-04-05 01:30:34,1775352634,BOOM500,5175.318,-1,0.014000000000123691,BACKFILL_AUTO
2026-04-05 01:30:35,1775352635,BOOM500,5175.312,-1,0.006000000000312866,BACKFILL_AUTO
2026-04-05 01:30:36,1775352636,BOOM500,5175.306,-1,0.006000000000312866,BACKFILL_AUTO
2026-04-05 01:30:37,1775352637,BOOM500,5175.295,-1,0.01099999999951251,BACKFILL_AUTO
2026-04-05 01:30:38,1775352638,BOOM500,5175.28,-1,0.015000000000327418,BACKFILL_AUTO
2026-04-05 01:30:39,1775352639,BOOM500,5175.271,-1,0.009000000000014552,BACKFILL_AUTO
2026-04-05 01:30:40,1775352640,BOOM500,5175.249,-1,0.021999999999934516,BACKFILL_AUTO
2026-04-05 01:30:41,1775352641,BOOM500,5175.241,-1,0.007999999999810825,BACKFILL_AUTO
2026-04-05 01:30:42,1775352642,BOOM500,5175.232,-1,0.009000000000014552,BACKFILL_AUTO
2026-04-05 01:30:43,1775352643,BOOM500,5175.228,-1,0.0039999999999054126,BACKFILL_AUTO
2026-04-05 01:30:44,1775352644,BOOM500,5175.215,-1,0.012999999999919964,BACKFILL_AUTO
2026-04-05 01:30:45,1775352645,BOOM500,5175.209,-1,0.006000000000312866,BACKFILL_AUTO
2026-04-05 01:30:46,1775352646,BOOM500,5175.199,-1,0.010000000000218279,BACKFILL_AUTO
2026-04-05 01:30:47,1775352647,BOOM500,5175.198,-1,0.0009999999992942321,BACKFILL_AUTO
2026-04-05 01:30:48,1775352648,BOOM500,5175.194,-1,0.0039999999999054126,BACKFILL_AUTO
2026-04-05 01:30:49,1775352649,BOOM500,5175.18,-1,0.014000000000123691,BACKFILL_AUTO
2026-04-05 01:30:50,1775352650,BOOM500,5175.175,-1,0.005000000000109139,BACKFILL_AUTO
2026-04-05 01:30:51,1775352651,BOOM500,5175.174,-1,0.0010000000002037268,BACKFILL_AUTO
2026-04-05 01:30:52,1775352652,BOOM500,5175.172,-1,0.0020000000004074536,BACKFILL_AUTO
2026-04-05 01:30:53,1775352653,BOOM500,5175.153,-1,0.018999999999323336,BACKFILL_AUTO
2026-04-05 01:30:54,1775352654,BOOM500,5175.131,-1,0.021999999999934516,BACKFILL_AUTO
2026-04-05 01:30:55,1775352655,BOOM500,5175.121,-1,0.010000000000218279,BACKFILL_AUTO
2026-04-05 01:30:56,1775352656,BOOM500,5175.12,-1,0.0010000000002037268,BACKFILL_AUTO
2026-04-05 01:30:57,1775352657,BOOM500,5175.115,-1,0.005000000000109139,BACKFILL_AUTO
2026-04-05 01:30:58,1775352658,BOOM500,5175.102,-1,0.012999999999919964,BACKFILL_AUTO
2026-04-05 01:30:59,1775352659,BOOM500,5175.097,-1,0.005000000000109139,BACKFILL_AUTO
2026-04-05 01:31:00,1775352660,BOOM500,5175.077,-1,0.019999999999527063,BACKFILL_AUTO
2026-04-05 01:31:01,1775352661,BOOM500,5175.056,-1,0.021000000000640284,BACKFILL_AUTO
2026-04-05 01:31:02,1775352662,BOOM500,5175.041,-1,0.014999999999417923,BACKFILL_AUTO
2026-04-05 01:31:03,1775352663,BOOM500,5175.026,-1,0.015000000000327418,BACKFILL_AUTO
2026-04-05 01:31:04,1775352664,BOOM500,5175.022,-1,0.0039999999999054126,BACKFILL_AUTO
2026-04-05 01:31:05,1775352665,BOOM500,5175.019,-1,0.0029999999997016857,BACKFILL_AUTO
2026-04-05 01:31:06,1775352666,BOOM500,5175.015,-1,0.0039999999999054126,BACKFILL_AUTO
2026-04-05 01:31:07,1775352667,BOOM500,5175.009,-1,0.006000000000312866,BACKFILL_AUTO
2026-04-05 01:31:08,1775352668,BOOM500,5174.999,-1,0.010000000000218279,BACKFILL_AUTO
2026-04-05 01:31:09,1775352669,BOOM500,5174.992,-1,0.006999999999607098,BACKFILL_AUTO
2026-04-05 01:31:10,1775352670,BOOM500,5174.988,-1,0.0039999999999054126,BACKFILL_AUTO
2026-04-05 01:31:11,1775352671,BOOM500,5174.981,-1,0.007000000000516593,BACKFILL_AUTO
2026-04-05 01:31:12,1775352672,BOOM500,5174.966,-1,0.014999999999417923,BACKFILL_AUTO
2026-04-05 01:31:13,1775352673,BOOM500,5174.95,-1,0.016000000000531145,BACKFILL_AUTO
2026-04-05 01:31:14,1775352674,BOOM500,5174.948,-1,0.001999999999497959,BACKFILL_AUTO
2026-04-05 01:31:15,1775352675,BOOM500,5174.931,-1,0.01700000000073487,BACKFILL_AUTO
2026-04-05 01:31:16,1775352676,BOOM500,5174.923,-1,0.007999999999810825,BACKFILL_AUTO
2026-04-05 01:31:17,1775352677,BOOM500,5174.922,-1,0.0010000000002037268,BACKFILL_AUTO
2026-04-05 01:31:18,1775352678,BOOM500,5174.912,-1,0.009999999999308784,BACKFILL_AUTO
2026-04-05 01:31:19,1775352679,BOOM500,5174.897,-1,0.015000000000327418,BACKFILL_AUTO
2026-04-05 01:31:20,1775352680,BOOM500,5174.887,-1,0.010000000000218279,BACKFILL_AUTO
2026-04-05 01:31:21,1775352681,BOOM500,5174.878,-1,0.009000000000014552,BACKFILL_AUTO
2026-04-05 01:31:22,1775352682,BOOM500,5174.873,-1,0.005000000000109139,BACKFILL_AUTO
2026-04-05 01:31:23,1775352683,BOOM500,5174.854,-1,0.018999999999323336,BACKFILL_AUTO
2026-04-05 01:31:24,1775352684,BOOM500,5174.853,-1,0.0010000000002037268,BACKFILL_AUTO
2026-04-05 01:31:25,1775352685,BOOM500,5174.847,-1,0.006000000000312866,BACKFILL_AUTO
2026-04-05 01:31:26,1775352686,BOOM500,5174.844,-1,0.0029999999997016857,BACKFILL_AUTO
2026-04-05 01:31:27,1775352687,BOOM500,5174.828,-1,0.01599999999962165,BACKFILL_AUTO
2026-04-05 01:31:28,1775352688,BOOM500,5174.817,-1,0.011000000000422006,BACKFILL_AUTO
2026-04-05 01:31:29,1775352689,BOOM500,5174.817,0,0.0,BACKFILL_AUTO
2026-04-05 01:31:30,1775352690,BOOM500,5174.81,-1,0.006999999999607098,BACKFILL_AUTO
2026-04-05 01:31:31,1775352691,BOOM500,5174.798,-1,0.012000000000625732,BACKFILL_AUTO
2026-04-05 01:31:32,1775352692,BOOM500,5174.786,-1,0.011999999999716238,BACKFILL_AUTO
2026-04-05 01:31:33,1775352693,BOOM500,5174.783,-1,0.0029999999997016857,BACKFILL_AUTO
2026-04-05 01:31:34,1775352694,BOOM500,5174.775,-1,0.00800000000072032,BACKFILL_AUTO
2026-04-05 01:31:35,1775352695,BOOM500,5174.757,-1,0.018000000000029104,BACKFILL_AUTO
2026-04-05 01:31:36,1775352696,BOOM500,5174.753,-1,0.0039999999999054126,BACKFILL_AUTO
2026-04-05 01:31:37,1775352697,BOOM500,5174.734,-1,0.018999999999323336,BACKFILL_AUTO
2026-04-05 01:31:38,1775352698,BOOM500,5174.732,-1,0.0020000000004074536,BACKFILL_AUTO
2026-04-05 01:31:39,1775352699,BOOM500,5174.714,-1,0.018000000000029104,BACKFILL_AUTO
2026-04-05 01:31:40,1775352700,BOOM500,5174.7,-1,0.014000000000123691,BACKFILL_AUTO
2026-04-05 01:31:41,1775352701,BOOM500,5174.673,-1,0.027000000000043656,BACKFILL_AUTO
2026-04-05 01:31:42,1775352702,BOOM500,5174.663,-1,0.010000000000218279,BACKFILL_AUTO
2026-04-05 01:31:43,1775352703,BOOM500,5174.651,-1,0.011999999999716238,BACKFILL_AUTO
2026-04-05 01:31:44,1775352704,BOOM500,5174.644,-1,0.006999999999607098,BACKFILL_AUTO
2026-04-05 01:31:45,1775352705,BOOM500,5174.634,-1,0.010000000000218279,BACKFILL_AUTO
2026-04-05 01:31:46,1775352706,BOOM500,5174.609,-1,0.024999999999636202,BACKFILL_AUTO
2026-04-05 01:31:47,1775352707,BOOM500,5174.595,-1,0.014000000000123691,BACKFILL_AUTO
2026-04-05 01:31:48,1775352708,BOOM500,5174.587,-1,0.007999999999810825,BACKFILL_AUTO
2026-04-05 01:31:49,1775352709,BOOM500,5174.572,-1,0.015000000000327418,BACKFILL_AUTO
2026-04-05 01:31:50,1775352710,BOOM500,5174.551,-1,0.02099999999973079,BACKFILL_AUTO
2026-04-05 01:31:51,1775352711,BOOM500,5174.529,-1,0.021999999999934516,BACKFILL_AUTO
2026-04-05 01:31:52,1775352712,BOOM500,5174.511,-1,0.018000000000029104,BACKFILL_AUTO
2026-04-05 01:31:53,1775352713,BOOM500,5174.505,-1,0.006000000000312866,BACKFILL_AUTO
2026-04-05 01:31:54,1775352714,BOOM500,5174.491,-1,0.014000000000123691,BACKFILL_AUTO
2026-04-05 01:31:55,1775352715,BOOM500,5174.475,-1,0.01599999999962165,BACKFILL_AUTO
2026-04-05 01:31:56,1775352716,BOOM500,5174.471,-1,0.004000000000814907,BACKFILL_AUTO
2026-04-05 01:31:57,1775352717,BOOM500,5174.466,-1,0.004999999999199645,BACKFILL_AUTO
2026-04-05 01:31:58,1775352718,BOOM500,5174.456,-1,0.010000000000218279,BACKFILL_AUTO
2026-04-05 01:31:59,1775352719,BOOM500,5174.446,-1,0.010000000000218279,BACKFILL_AUTO
2026-04-05 01:32:00,1775352720,BOOM500,5174.445,-1,0.0010000000002037268,BACKFILL_AUTO
2026-04-05 01:32:01,1775352721,BOOM500,5174.441,-1,0.0039999999999054126,BACKFILL_AUTO
2026-04-05 01:32:02,1775352722,BOOM500,5174.437,-1,0.0039999999999054126,BACKFILL_AUTO
2026-04-05 01:32:03,1775352723,BOOM500,5174.435,-1,0.001999999999497959,BACKFILL_AUTO
2026-04-05 01:32:04,1775352724,BOOM500,5174.426,-1,0.009000000000014552,BACKFILL_AUTO
2026-04-05 01:32:05,1775352725,BOOM500,5174.411,-1,0.015000000000327418,BACKFILL_AUTO
2026-04-05 01:32:06,1775352726,BOOM500,5174.401,-1,0.010000000000218279,BACKFILL_AUTO
2026-04-05 01:32:07,1775352727,BOOM500,5174.397,-1,0.0039999999999054126,BACKFILL_AUTO
2026-04-05 01:32:08,1775352728,BOOM500,5174.388,-1,0.009000000000014552,BACKFILL_AUTO
2026-04-05 01:32:09,1775352729,BOOM500,5174.359,-1,0.028999999999541615,BACKFILL_AUTO
2026-04-05 01:32:10,1775352730,BOOM500,5174.358,-1,0.0010000000002037268,BACKFILL_AUTO
2026-04-05 01:32:11,1775352731,BOOM500,5174.347,-1,0.011000000000422006,BACKFILL_AUTO
2026-04-05 01:32:12,1775352732,BOOM500,5174.337,-1,0.009999999999308784,BACKFILL_AUTO
2026-04-05 01:32:13,1775352733,BOOM500,5174.332,-1,0.005000000000109139,BACKFILL_AUTO
2026-04-05 01:32:14,1775352734,BOOM500,5174.311,-1,0.021000000000640284,BACKFILL_AUTO
2026-04-05 01:32:15,1775352735,BOOM500,5174.309,-1,0.001999999999497959,BACKFILL_AUTO
2026-04-05 01:32:16,1775352736,BOOM500,5174.297,-1,0.012000000000625732,BACKFILL_AUTO
2026-04-05 01:32:17,1775352737,BOOM500,5174.292,-1,0.004999999999199645,BACKFILL_AUTO
2026-04-05 01:32:18,1775352738,BOOM500,5174.292,0,0.0,BACKFILL_AUTO
2026-04-05 01:32:19,1775352739,BOOM500,5174.275,-1,0.01700000000073487,BACKFILL_AUTO
2026-04-05 01:32:20,1775352740,BOOM500,5174.273,-1,0.001999999999497959,BACKFILL_AUTO
2026-04-05 01:32:21,1775352741,BOOM500,5174.25,-1,0.023000000000138243,BACKFILL_AUTO
2026-04-05 01:32:22,1775352742,BOOM500,5174.231,-1,0.01900000000023283,BACKFILL_AUTO
2026-04-05 01:32:23,1775352743,BOOM500,5174.219,-1,0.011999999999716238,BACKFILL_AUTO
2026-04-05 01:32:24,1775352744,BOOM500,5174.213,-1,0.006000000000312866,BACKFILL_AUTO
2026-04-05 01:32:25,1775352745,BOOM500,5174.195,-1,0.018000000000029104,BACKFILL_AUTO
2026-04-05 01:32:26,1775352746,BOOM500,5174.172,-1,0.023000000000138243,BACKFILL_AUTO
2026-04-05 01:32:27,1775352747,BOOM500,5174.17,-1,0.001999999999497959,BACKFILL_AUTO
2026-04-05 01:32:28,1775352748,BOOM500,5174.168,-1,0.0020000000004074536,BACKFILL_AUTO
2026-04-05 01:32:29,1775352749,BOOM500,5174.166,-1,0.001999999999497959,BACKFILL_AUTO
2026-04-05 01:32:30,1775352750,BOOM500,5174.155,-1,0.011000000000422006,BACKFILL_AUTO
2026-04-05 01:32:31,1775352751,BOOM500,5174.152,-1,0.0029999999997016857,BACKFILL_AUTO
2026-04-05 01:32:32,1775352752,BOOM500,5174.148,-1,0.0039999999999054126,BACKFILL_AUTO
2026-04-05 01:32:33,1775352753,BOOM500,5174.147,-1,0.0010000000002037268,BACKFILL_AUTO
2026-04-05 01:32:34,1775352754,BOOM500,5174.142,-1,0.005000000000109139,BACKFILL_AUTO
2026-04-05 01:32:35,1775352755,BOOM500,5174.131,-1,0.01099999999951251,BACKFILL_AUTO
2026-04-05 01:32:36,1775352756,BOOM500,5174.119,-1,0.012000000000625732,BACKFILL_AUTO
2026-04-05 01:32:37,1775352757,BOOM500,5174.104,-1,0.014999999999417923,BACKFILL_AUTO
2026-04-05 01:32:38,1775352758,BOOM500,5174.088,-1,0.016000000000531145,BACKFILL_AUTO
2026-04-05 01:32:39,1775352759,BOOM500,5174.083,-1,0.005000000000109139,BACKFILL_AUTO
2026-04-05 01:32:40,1775352760,BOOM500,5174.069,-1,0.013999999999214197,BACKFILL_AUTO
2026-04-05 01:32:41,1775352761,BOOM500,5174.065,-1,0.004000000000814907,BACKFILL_AUTO
2026-04-05 01:32:42,1775352762,BOOM500,5174.061,-1,0.0039999999999054126,BACKFILL_AUTO
2026-04-05 01:32:43,1775352763,BOOM500,5174.05,-1,0.01099999999951251,BACKFILL_AUTO
2026-04-05 01:32:44,1775352764,BOOM500,5174.047,-1,0.0030000000006111804,BACKFILL_AUTO
2026-04-05 01:32:45,1775352765,BOOM500,5174.046,-1,0.0009999999992942321,BACKFILL_AUTO
2026-04-05 01:32:46,1775352766,BOOM500,5174.044,-1,0.0020000000004074536,BACKFILL_AUTO
2026-04-05 01:32:47,1775352767,BOOM500,5174.032,-1,0.011999999999716238,BACKFILL_AUTO
2026-04-05 01:32:48,1775352768,BOOM500,5174.022,-1,0.010000000000218279,BACKFILL_AUTO
2026-04-05 01:32:49,1775352769,BOOM500,5174.017,-1,0.005000000000109139,BACKFILL_AUTO
2026-04-05 01:32:50,1775352770,BOOM500,5174.015,-1,0.001999999999497959,BACKFILL_AUTO
2026-04-05 01:32:51,1775352771,BOOM500,5173.998,-1,0.01700000000073487,BACKFILL_AUTO
2026-04-05 01:32:52,1775352772,BOOM500,5173.988,-1,0.009999999999308784,BACKFILL_AUTO
2026-04-05 01:32:53,1775352773,BOOM500,5173.988,0,0.0,BACKFILL_AUTO
2026-04-05 01:32:54,1775352774,BOOM500,5173.972,-1,0.016000000000531145,BACKFILL_AUTO
2026-04-05 01:32:55,1775352775,BOOM500,5173.955,-1,0.016999999999825377,BACKFILL_AUTO
2026-04-05 01:32:56,1775352776,BOOM500,5173.95,-1,0.005000000000109139,BACKFILL_AUTO
2026-04-05 01:32:57,1775352777,BOOM500,5173.942,-1,0.007999999999810825,BACKFILL_AUTO
2026-04-05 01:32:58,1775352778,BOOM500,5173.939,-1,0.0029999999997016857,BACKFILL_AUTO
2026-04-05 01:32:59,1775352779,BOOM500,5173.922,-1,0.01700000000073487,BACKFILL_AUTO
2026-04-05 01:33:00,1775352780,BOOM500,5173.915,-1,0.006999999999607098,BACKFILL_AUTO
2026-04-05 01:33:01,1775352781,BOOM500,5173.903,-1,0.011999999999716238,BACKFILL_AUTO
2026-04-05 01:33:02,1775352782,BOOM500,5173.897,-1,0.006000000000312866,BACKFILL_AUTO
2026-04-05 01:33:03,1775352783,BOOM500,5173.896,-1,0.0010000000002037268,BACKFILL_AUTO
2026-04-05 01:33:04,1775352784,BOOM500,5173.885,-1,0.01099999999951251,BACKFILL_AUTO
2026-04-05 01:33:05,1775352785,BOOM500,5173.878,-1,0.007000000000516593,BACKFILL_AUTO
2026-04-05 01:33:06,1775352786,BOOM500,5173.871,-1,0.006999999999607098,BACKFILL_AUTO
2026-04-05 01:33:07,1775352787,BOOM500,5173.863,-1,0.007999999999810825,BACKFILL_AUTO
2026-04-05 01:33:08,1775352788,BOOM500,5173.845,-1,0.018000000000029104,BACKFILL_AUTO
2026-04-05 01:33:09,1775352789,BOOM500,5173.84,-1,0.005000000000109139,BACKFILL_AUTO
2026-04-05 01:33:10,1775352790,BOOM500,5173.833,-1,0.007000000000516593,BACKFILL_AUTO
2026-04-05 01:33:11,1775352791,BOOM500,5173.827,-1,0.0059999999994033715,BACKFILL_AUTO
2026-04-05 01:33:12,1775352792,BOOM500,5173.819,-1,0.007999999999810825,BACKFILL_AUTO
2026-04-05 01:33:13,1775352793,BOOM500,5173.813,-1,0.006000000000312866,BACKFILL_AUTO
2026-04-05 01:33:14,1775352794,BOOM500,5173.808,-1,0.005000000000109139,BACKFILL_AUTO
2026-04-05 01:33:15,1775352795,BOOM500,5173.793,-1,0.015000000000327418,BACKFILL_AUTO
2026-04-05 01:33:16,1775352796,BOOM500,5173.791,-1,0.001999999999497959,BACKFILL_AUTO
2026-04-05 01:33:17,1775352797,BOOM500,5173.779,-1,0.011999999999716238,BACKFILL_AUTO
2026-04-05 01:33:18,1775352798,BOOM500,5173.768,-1,0.011000000000422006,BACKFILL_AUTO
2026-04-05 01:33:19,1775352799,BOOM500,5173.751,-1,0.016999999999825377,BACKFILL_AUTO
2026-04-05 01:33:20,1775352800,BOOM500,5173.748,-1,0.0030000000006111804,BACKFILL_AUTO
2026-04-05 01:33:21,1775352801,BOOM500,5173.745,-1,0.0029999999997016857,BACKFILL_AUTO
2026-04-05 01:33:22,1775352802,BOOM500,5173.739,-1,0.006000000000312866,BACKFILL_AUTO
2026-04-05 01:33:23,1775352803,BOOM500,5173.73,-1,0.009000000000014552,BACKFILL_AUTO
2026-04-05 01:33:24,1775352804,BOOM500,5173.729,-1,0.0009999999992942321,BACKFILL_AUTO
2026-04-05 01:33:25,1775352805,BOOM500,5173.727,-1,0.0020000000004074536,BACKFILL_AUTO
2026-04-05 01:33:26,1775352806,BOOM500,5173.71,-1,0.016999999999825377,BACKFILL_AUTO
2026-04-05 01:33:27,1775352807,BOOM500,5173.691,-1,0.01900000000023283,BACKFILL_AUTO
2026-04-05 01:33:28,1775352808,BOOM500,5173.68,-1,0.01099999999951251,BACKFILL_AUTO
2026-04-05 01:33:29,1775352809,BOOM500,5173.675,-1,0.005000000000109139,BACKFILL_AUTO
2026-04-05 01:33:30,1775352810,BOOM500,5173.672,-1,0.0030000000006111804,BACKFILL_AUTO
2026-04-05 01:33:31,1775352811,BOOM500,5173.652,-1,0.019999999999527063,BACKFILL_AUTO
2026-04-05 01:33:32,1775352812,BOOM500,5173.635,-1,0.016999999999825377,BACKFILL_AUTO
2026-04-05 01:33:33,1775352813,BOOM500,5173.603,-1,0.032000000000152795,BACKFILL_AUTO
2026-04-05 01:33:34,1775352814,BOOM500,5173.582,-1,0.02099999999973079,BACKFILL_AUTO
2026-04-05 01:33:35,1775352815,BOOM500,5173.56,-1,0.021999999999934516,BACKFILL_AUTO
2026-04-05 01:33:36,1775352816,BOOM500,5173.551,-1,0.009000000000014552,BACKFILL_AUTO
2026-04-05 01:33:37,1775352817,BOOM500,5173.535,-1,0.016000000000531145,BACKFILL_AUTO
2026-04-05 01:33:38,1775352818,BOOM500,5173.515,-1,0.019999999999527063,BACKFILL_AUTO
2026-04-05 01:33:39,1775352819,BOOM500,5173.514,-1,0.0010000000002037268,BACKFILL_AUTO
2026-04-05 01:33:40,1775352820,BOOM500,5173.511,-1,0.0029999999997016857,BACKFILL_AUTO
2026-04-05 01:33:41,1775352821,BOOM500,5173.507,-1,0.004000000000814907,BACKFILL_AUTO
2026-04-05 01:33:42,1775352822,BOOM500,5173.472,-1,0.03499999999985448,BACKFILL_AUTO
2026-04-05 01:33:43,1775352823,BOOM500,5173.462,-1,0.009999999999308784,BACKFILL_AUTO
2026-04-05 01:33:44,1775352824,BOOM500,5173.452,-1,0.010000000000218279,BACKFILL_AUTO
2026-04-05 01:33:45,1775352825,BOOM500,5173.449,-1,0.0030000000006111804,BACKFILL_AUTO
2026-04-05 01:33:46,1775352826,BOOM500,5173.439,-1,0.009999999999308784,BACKFILL_AUTO
2026-04-05 01:33:47,1775352827,BOOM500,5173.434,-1,0.005000000000109139,BACKFILL_AUTO
2026-04-05 01:33:48,1775352828,BOOM500,5173.428,-1,0.006000000000312866,BACKFILL_AUTO
2026-04-05 01:33:49,1775352829,BOOM500,5173.425,-1,0.0029999999997016857,BACKFILL_AUTO
2026-04-05 01:33:50,1775352830,BOOM500,5173.404,-1,0.02099999999973079,BACKFILL_AUTO
2026-04-05 01:33:51,1775352831,BOOM500,5173.403,-1,0.0010000000002037268,BACKFILL_AUTO
2026-04-05 01:33:52,1775352832,BOOM500,5173.4,-1,0.0030000000006111804,BACKFILL_AUTO
2026-04-05 01:33:53,1775352833,BOOM500,5173.389,-1,0.01099999999951251,BACKFILL_AUTO
2026-04-05 01:33:54,1775352834,BOOM500,5173.381,-1,0.007999999999810825,BACKFILL_AUTO
2026-04-05 01:33:55,1775352835,BOOM500,5173.364,-1,0.01700000000073487,BACKFILL_AUTO
2026-04-05 01:33:56,1775352836,BOOM500,5173.361,-1,0.0029999999997016857,BACKFILL_AUTO
2026-04-05 01:33:57,1775352837,BOOM500,5173.342,-1,0.01900000000023283,BACKFILL_AUTO
2026-04-05 01:33:58,1775352838,BOOM500,5173.329,-1,0.012999999999919964,BACKFILL_AUTO
2026-04-05 01:33:59,1775352839,BOOM500,5173.305,-1,0.023999999999432475,BACKFILL_AUTO
2026-04-05 01:34:00,1775352840,BOOM500,5173.298,-1,0.007000000000516593,BACKFILL_AUTO
2026-04-05 01:34:01,1775352841,BOOM500,5173.28,-1,0.018000000000029104,BACKFILL_AUTO
2026-04-05 01:34:02,1775352842,BOOM500,5173.273,-1,0.006999999999607098,BACKFILL_AUTO
2026-04-05 01:34:03,1775352843,BOOM500,5173.272,-1,0.0010000000002037268,BACKFILL_AUTO
2026-04-05 01:34:04,1775352844,BOOM500,5173.27,-1,0.001999999999497959,BACKFILL_AUTO
2026-04-05 01:34:05,1775352845,BOOM500,5173.256,-1,0.014000000000123691,BACKFILL_AUTO
2026-04-05 01:34:06,1775352846,BOOM500,5173.256,0,0.0,BACKFILL_AUTO
2026-04-05 01:34:07,1775352847,BOOM500,5173.233,-1,0.023000000000138243,BACKFILL_AUTO
2026-04-05 01:34:08,1775352848,BOOM500,5173.227,-1,0.006000000000312866,BACKFILL_AUTO
2026-04-05 01:34:09,1775352849,BOOM500,5173.214,-1,0.012999999999919964,BACKFILL_AUTO
2026-04-05 01:34:10,1775352850,BOOM500,5173.2,-1,0.014000000000123691,BACKFILL_AUTO
2026-04-05 01:34:11,1775352851,BOOM500,5173.2,0,0.0,BACKFILL_AUTO
2026-04-05 01:34:12,1775352852,BOOM500,5173.189,-1,0.01099999999951251,BACKFILL_AUTO
2026-04-05 01:34:13,1775352853,BOOM500,5173.179,-1,0.010000000000218279,BACKFILL_AUTO
2026-04-05 01:34:14,1775352854,BOOM500,5173.167,-1,0.011999999999716238,BACKFILL_AUTO
2026-04-05 01:34:15,1775352855,BOOM500,5173.155,-1,0.012000000000625732,BACKFILL_AUTO
2026-04-05 01:34:16,1775352856,BOOM500,5173.151,-1,0.0039999999999054126,BACKFILL_AUTO
2026-04-05 01:34:17,1775352857,BOOM500,5173.137,-1,0.014000000000123691,BACKFILL_AUTO
2026-04-05 01:34:18,1775352858,BOOM500,5173.132,-1,0.005000000000109139,BACKFILL_AUTO
2026-04-05 01:34:19,1775352859,BOOM500,5173.12,-1,0.011999999999716238,BACKFILL_AUTO
2026-04-05 01:34:20,1775352860,BOOM500,5173.105,-1,0.015000000000327418,BACKFILL_AUTO
2026-04-05 01:34:21,1775352861,BOOM500,5173.1,-1,0.004999999999199645,BACKFILL_AUTO
2026-04-05 01:34:22,1775352862,BOOM500,5173.098,-1,0.0020000000004074536,BACKFILL_AUTO
2026-04-05 01:34:23,1775352863,BOOM500,5173.077,-1,0.02099999999973079,BACKFILL_AUTO
2026-04-05 01:34:24,1775352864,BOOM500,5173.073,-1,0.0039999999999054126,BACKFILL_AUTO
2026-04-05 01:34:25,1775352865,BOOM500,5173.043,-1,0.030000000000654836,BACKFILL_AUTO
2026-04-05 01:34:26,1775352866,BOOM500,5173.034,-1,0.009000000000014552,BACKFILL_AUTO
2026-04-05 01:34:27,1775352867,BOOM500,5173.019,-1,0.014999999999417923,BACKFILL_AUTO
2026-04-05 01:34:28,1775352868,BOOM500,5173.005,-1,0.014000000000123691,BACKFILL_AUTO
2026-04-05 01:34:29,1775352869,BOOM500,5172.999,-1,0.006000000000312866,BACKFILL_AUTO
2026-04-05 01:34:30,1775352870,BOOM500,5172.983,-1,0.01599999999962165,BACKFILL_AUTO
2026-04-05 01:34:31,1775352871,BOOM500,5172.977,-1,0.006000000000312866,BACKFILL_AUTO
2026-04-05 01:34:32,1775352872,BOOM500,5172.97,-1,0.006999999999607098,BACKFILL_AUTO
2026-04-05 01:34:33,1775352873,BOOM500,5172.952,-1,0.018000000000029104,BACKFILL_AUTO
2026-04-05 01:34:34,1775352874,BOOM500,5172.941,-1,0.011000000000422006,BACKFILL_AUTO
2026-04-05 01:34:35,1775352875,BOOM500,5172.937,-1,0.0039999999999054126,BACKFILL_AUTO
2026-04-05 01:34:36,1775352876,BOOM500,5172.935,-1,0.001999999999497959,BACKFILL_AUTO
2026-04-05 01:34:37,1775352877,BOOM500,5172.927,-1,0.00800000000072032,BACKFILL_AUTO
2026-04-05 01:34:38,1775352878,BOOM500,5172.911,-1,0.01599999999962165,BACKFILL_AUTO
2026-04-05 01:34:39,1775352879,BOOM500,5172.892,-1,0.01900000000023283,BACKFILL_AUTO
2026-04-05 01:34:40,1775352880,BOOM500,5172.88,-1,0.011999999999716238,BACKFILL_AUTO
2026-04-05 01:34:41,1775352881,BOOM500,5172.875,-1,0.005000000000109139,BACKFILL_AUTO
2026-04-05 01:34:42,1775352882,BOOM500,5172.858,-1,0.016999999999825377,BACKFILL_AUTO
2026-04-05 01:34:43,1775352883,BOOM500,5172.847,-1,0.011000000000422006,BACKFILL_AUTO
2026-04-05 01:34:44,1775352884,BOOM500,5172.84,-1,0.006999999999607098,BACKFILL_AUTO
2026-04-05 01:34:45,1775352885,BOOM500,5172.833,-1,0.007000000000516593,BACKFILL_AUTO
2026-04-05 01:34:46,1775352886,BOOM500,5172.825,-1,0.007999999999810825,BACKFILL_AUTO
2026-04-05 01:34:47,1775352887,BOOM500,5172.812,-1,0.012999999999919964,BACKFILL_AUTO
2026-04-05 01:34:48,1775352888,BOOM500,5172.807,-1,0.005000000000109139,BACKFILL_AUTO
2026-04-05 01:34:49,1775352889,BOOM500,5172.798,-1,0.009000000000014552,BACKFILL_AUTO
2026-04-05 01:34:50,1775352890,BOOM500,5172.775,-1,0.023000000000138243,BACKFILL_AUTO
2026-04-05 01:34:51,1775352891,BOOM500,5172.757,-1,0.018000000000029104,BACKFILL_AUTO
2026-04-05 01:34:52,1775352892,BOOM500,5172.739,-1,0.018000000000029104,BACKFILL_AUTO
2026-04-05 01:34:53,1775352893,BOOM500,5172.735,-1,0.0039999999999054126,BACKFILL_AUTO
2026-04-05 01:34:54,1775352894,BOOM500,5172.73,-1,0.005000000000109139,BACKFILL_AUTO
2026-04-05 01:34:55,1775352895,BOOM500,5172.721,-1,0.009000000000014552,BACKFILL_AUTO
2026-04-05 01:34:56,1775352896,BOOM500,5172.716,-1,0.004999999999199645,BACKFILL_AUTO
2026-04-05 01:34:57,1775352897,BOOM500,5172.713,-1,0.0030000000006111804,BACKFILL_AUTO
2026-04-05 01:34:58,1775352898,BOOM500,5172.703,-1,0.009999999999308784,BACKFILL_AUTO
2026-04-05 01:34:59,1775352899,BOOM500,5172.697,-1,0.006000000000312866,BACKFILL_AUTO
2026-04-05 01:35:00,1775352900,BOOM500,5172.692,-1,0.005000000000109139,BACKFILL_AUTO
2026-04-05 01:35:01,1775352901,BOOM500,5172.675,-1,0.016999999999825377,BACKFILL_AUTO
2026-04-05 01:35:02,1775352902,BOOM500,5172.664,-1,0.011000000000422006,BACKFILL_AUTO
2026-04-05 01:35:03,1775352903,BOOM500,5172.662,-1,0.001999999999497959,BACKFILL_AUTO
2026-04-05 01:35:04,1775352904,BOOM500,5172.661,-1,0.0010000000002037268,BACKFILL_AUTO
2026-04-05 01:35:05,1775352905,BOOM500,5172.632,-1,0.02900000000045111,BACKFILL_AUTO
2026-04-05 01:35:06,1775352906,BOOM500,5172.627,-1,0.004999999999199645,BACKFILL_AUTO
2026-04-05 01:35:07,1775352907,BOOM500,5172.611,-1,0.016000000000531145,BACKFILL_AUTO
2026-04-05 01:35:08,1775352908,BOOM500,5172.604,-1,0.006999999999607098,BACKFILL_AUTO
2026-04-05 01:35:09,1775352909,BOOM500,5172.596,-1,0.00800000000072032,BACKFILL_AUTO
2026-04-05 01:35:10,1775352910,BOOM500,5172.594,-1,0.001999999999497959,BACKFILL_AUTO
2026-04-05 01:35:11,1775352911,BOOM500,5172.573,-1,0.02099999999973079,BACKFILL_AUTO
2026-04-05 01:35:12,1775352912,BOOM500,5172.556,-1,0.01700000000073487,BACKFILL_AUTO
2026-04-05 01:35:13,1775352913,BOOM500,5172.555,-1,0.0009999999992942321,BACKFILL_AUTO
2026-04-05 01:35:14,1775352914,BOOM500,5172.517,-1,0.03800000000046566,BACKFILL_AUTO
2026-04-05 01:35:15,1775352915,BOOM500,5172.51,-1,0.006999999999607098,BACKFILL_AUTO
2026-04-05 01:35:16,1775352916,BOOM500,5172.501,-1,0.009000000000014552,BACKFILL_AUTO
2026-04-05 01:35:17,1775352917,BOOM500,5172.494,-1,0.007000000000516593,BACKFILL_AUTO
2026-04-05 01:35:18,1775352918,BOOM500,5172.48,-1,0.014000000000123691,BACKFILL_AUTO
2026-04-05 01:35:19,1775352919,BOOM500,5172.476,-1,0.0039999999999054126,BACKFILL_AUTO
2026-04-05 01:35:20,1775352920,BOOM500,5172.462,-1,0.013999999999214197,BACKFILL_AUTO
2026-04-05 01:35:21,1775352921,BOOM500,5172.447,-1,0.015000000000327418,BACKFILL_AUTO
2026-04-05 01:35:22,1775352922,BOOM500,5172.441,-1,0.006000000000312866,BACKFILL_AUTO
2026-04-05 01:35:23,1775352923,BOOM500,5172.43,-1,0.01099999999951251,BACKFILL_AUTO
2026-04-05 01:35:24,1775352924,BOOM500,5172.423,-1,0.007000000000516593,BACKFILL_AUTO
2026-04-05 01:35:25,1775352925,BOOM500,5172.417,-1,0.0059999999994033715,BACKFILL_AUTO
2026-04-05 01:35:26,1775352926,BOOM500,5172.402,-1,0.015000000000327418,BACKFILL_AUTO
2026-04-05 01:35:27,1775352927,BOOM500,5172.401,-1,0.0010000000002037268,BACKFILL_AUTO
2026-04-05 01:35:28,1775352928,BOOM500,5172.386,-1,0.014999999999417923,BACKFILL_AUTO
2026-04-05 01:35:29,1775352929,BOOM500,5172.385,-1,0.0010000000002037268,BACKFILL_AUTO
2026-04-05 01:35:30,1775352930,BOOM500,5172.383,-1,0.0020000000004074536,BACKFILL_AUTO
2026-04-05 01:35:31,1775352931,BOOM500,5172.363,-1,0.019999999999527063,BACKFILL_AUTO
2026-04-05 01:35:32,1775352932,BOOM500,5172.338,-1,0.025000000000545697,BACKFILL_AUTO
2026-04-05 01:35:33,1775352933,BOOM500,5172.316,-1,0.021999999999934516,BACKFILL_AUTO
2026-04-05 01:35:34,1775352934,BOOM500,5172.306,-1,0.010000000000218279,BACKFILL_AUTO
2026-04-05 01:35:35,1775352935,BOOM500,5172.286,-1,0.019999999999527063,BACKFILL_AUTO
2026-04-05 01:35:36,1775352936,BOOM500,5172.275,-1,0.011000000000422006,BACKFILL_AUTO
2026-04-05 01:35:37,1775352937,BOOM500,5172.269,-1,0.0059999999994033715,BACKFILL_AUTO
2026-04-05 01:35:38,1775352938,BOOM500,5172.26,-1,0.009000000000014552,BACKFILL_AUTO
2026-04-05 01:35:39,1775352939,BOOM500,5172.247,-1,0.012999999999919964,BACKFILL_AUTO
2026-04-05 01:35:40,1775352940,BOOM500,5172.237,-1,0.010000000000218279,BACKFILL_AUTO
2026-04-05 01:35:41,1775352941,BOOM500,5172.227,-1,0.010000000000218279,BACKFILL_AUTO
2026-04-05 01:35:42,1775352942,BOOM500,5172.206,-1,0.02099999999973079,BACKFILL_AUTO
2026-04-05 01:35:43,1775352943,BOOM500,5172.202,-1,0.0039999999999054126,BACKFILL_AUTO
2026-04-05 01:35:44,1775352944,BOOM500,5172.187,-1,0.015000000000327418,BACKFILL_AUTO
2026-04-05 01:35:45,1775352945,BOOM500,5172.163,-1,0.02400000000034197,BACKFILL_AUTO
2026-04-05 01:35:46,1775352946,BOOM500,5172.161,-1,0.001999999999497959,BACKFILL_AUTO
2026-04-05 01:35:47,1775352947,BOOM500,5172.148,-1,0.012999999999919964,BACKFILL_AUTO
2026-04-05 01:35:48,1775352948,BOOM500,5172.145,-1,0.0029999999997016857,BACKFILL_AUTO
2026-04-05 01:35:49,1775352949,BOOM500,5172.132,-1,0.01300000000082946,BACKFILL_AUTO
2026-04-05 01:35:50,1775352950,BOOM500,5172.119,-1,0.012999999999919964,BACKFILL_AUTO
2026-04-05 01:35:51,1775352951,BOOM500,5172.11,-1,0.009000000000014552,BACKFILL_AUTO
2026-04-05 01:35:52,1775352952,BOOM500,5172.098,-1,0.011999999999716238,BACKFILL_AUTO
2026-04-05 01:35:53,1775352953,BOOM500,5172.094,-1,0.0039999999999054126,BACKFILL_AUTO
2026-04-05 01:35:54,1775352954,BOOM500,5172.082,-1,0.011999999999716238,BACKFILL_AUTO
2026-04-05 01:35:55,1775352955,BOOM500,5172.073,-1,0.009000000000014552,BACKFILL_AUTO
2026-04-05 01:35:56,1775352956,BOOM500,5172.065,-1,0.00800000000072032,BACKFILL_AUTO
2026-04-05 01:35:57,1775352957,BOOM500,5172.038,-1,0.027000000000043656,BACKFILL_AUTO
2026-04-05 01:35:58,1775352958,BOOM500,5172.032,-1,0.0059999999994033715,BACKFILL_AUTO
2026-04-05 01:35:59,1775352959,BOOM500,5172.008,-1,0.02400000000034197,BACKFILL_AUTO
2026-04-05 01:36:00,1775352960,BOOM500,5172.003,-1,0.005000000000109139,BACKFILL_AUTO
2026-04-05 01:36:01,1775352961,BOOM500,5171.989,-1,0.014000000000123691,BACKFILL_AUTO
2026-04-05 01:36:02,1775352962,BOOM500,5171.978,-1,0.01099999999951251,BACKFILL_AUTO
2026-04-05 01:36:03,1775352963,BOOM500,5171.978,0,0.0,BACKFILL_AUTO
2026-04-05 01:36:04,1775352964,BOOM500,5171.964,-1,0.014000000000123691,BACKFILL_AUTO
2026-04-05 01:36:05,1775352965,BOOM500,5171.958,-1,0.006000000000312866,BACKFILL_AUTO
2026-04-05 01:36:06,1775352966,BOOM500,5171.95,-1,0.007999999999810825,BACKFILL_AUTO
2026-04-05 01:36:07,1775352967,BOOM500,5171.942,-1,0.007999999999810825,BACKFILL_AUTO
2026-04-05 01:36:08,1775352968,BOOM500,5171.926,-1,0.01599999999962165,BACKFILL_AUTO
2026-04-05 01:36:09,1775352969,BOOM500,5171.917,-1,0.009000000000014552,BACKFILL_AUTO
2026-04-05 01:36:10,1775352970,BOOM500,5171.911,-1,0.006000000000312866,BACKFILL_AUTO
2026-04-05 01:36:11,1775352971,BOOM500,5171.899,-1,0.011999999999716238,BACKFILL_AUTO
2026-04-05 01:36:12,1775352972,BOOM500,5171.886,-1,0.012999999999919964,BACKFILL_AUTO
2026-04-05 01:36:13,1775352973,BOOM500,5171.868,-1,0.018000000000029104,BACKFILL_AUTO
2026-04-05 01:36:14,1775352974,BOOM500,5171.861,-1,0.007000000000516593,BACKFILL_AUTO
2026-04-05 01:36:15,1775352975,BOOM500,5171.858,-1,0.0029999999997016857,BACKFILL_AUTO
2026-04-05 01:36:16,1775352976,BOOM500,5171.841,-1,0.016999999999825377,BACKFILL_AUTO
2026-04-05 01:36:17,1775352977,BOOM500,5171.832,-1,0.009000000000014552,BACKFILL_AUTO
2026-04-05 01:36:18,1775352978,BOOM500,5171.825,-1,0.007000000000516593,BACKFILL_AUTO
2026-04-05 01:36:19,1775352979,BOOM500,5171.805,-1,0.019999999999527063,BACKFILL_AUTO
2026-04-05 01:36:20,1775352980,BOOM500,5171.798,-1,0.007000000000516593,BACKFILL_AUTO
2026-04-05 01:36:21,1775352981,BOOM500,5171.783,-1,0.014999999999417923,BACKFILL_AUTO
2026-04-05 01:36:22,1775352982,BOOM500,5171.769,-1,0.014000000000123691,BACKFILL_AUTO
2026-04-05 01:36:23,1775352983,BOOM500,5171.756,-1,0.012999999999919964,BACKFILL_AUTO
2026-04-05 01:36:24,1775352984,BOOM500,5171.747,-1,0.009000000000014552,BACKFILL_AUTO
2026-04-05 01:36:25,1775352985,BOOM500,5171.746,-1,0.0010000000002037268,BACKFILL_AUTO
2026-04-05 01:36:26,1775352986,BOOM500,5171.737,-1,0.009000000000014552,BACKFILL_AUTO
2026-04-05 01:36:27,1775352987,BOOM500,5171.732,-1,0.005000000000109139,BACKFILL_AUTO
2026-04-05 01:36:28,1775352988,BOOM500,5171.724,-1,0.007999999999810825,BACKFILL_AUTO
2026-04-05 01:36:29,1775352989,BOOM500,5171.718,-1,0.006000000000312866,BACKFILL_AUTO
2026-04-05 01:36:30,1775352990,BOOM500,5171.707,-1,0.01099999999951251,BACKFILL_AUTO
2026-04-05 01:36:31,1775352991,BOOM500,5171.698,-1,0.009000000000014552,BACKFILL_AUTO
2026-04-05 01:36:32,1775352992,BOOM500,5171.698,0,0.0,BACKFILL_AUTO
2026-04-05 01:36:33,1775352993,BOOM500,5171.694,-1,0.0039999999999054126,BACKFILL_AUTO
2026-04-05 01:36:34,1775352994,BOOM500,5171.68,-1,0.014000000000123691,BACKFILL_AUTO
2026-04-05 01:36:35,1775352995,BOOM500,5171.669,-1,0.011000000000422006,BACKFILL_AUTO
2026-04-05 01:36:36,1775352996,BOOM500,5171.648,-1,0.02099999999973079,BACKFILL_AUTO
2026-04-05 01:36:37,1775352997,BOOM500,5171.639,-1,0.009000000000014552,BACKFILL_AUTO
2026-04-05 01:36:38,1775352998,BOOM500,5171.625,-1,0.014000000000123691,BACKFILL_AUTO
2026-04-05 01:36:39,1775352999,BOOM500,5171.613,-1,0.011999999999716238,BACKFILL_AUTO
2026-04-05 01:36:40,1775353000,BOOM500,5171.607,-1,0.006000000000312866,BACKFILL_AUTO
2026-04-05 01:36:41,1775353001,BOOM500,5171.603,-1,0.0039999999999054126,BACKFILL_AUTO
2026-04-05 01:36:42,1775353002,BOOM500,5171.593,-1,0.010000000000218279,BACKFILL_AUTO
2026-04-05 01:36:43,1775353003,BOOM500,5171.592,-1,0.0010000000002037268,BACKFILL_AUTO
2026-04-05 01:36:44,1775353004,BOOM500,5171.577,-1,0.014999999999417923,BACKFILL_AUTO
2026-04-05 01:36:45,1775353005,BOOM500,5171.57,-1,0.007000000000516593,BACKFILL_AUTO
2026-04-05 01:36:46,1775353006,BOOM500,5171.57,0,0.0,BACKFILL_AUTO
2026-04-05 01:36:47,1775353007,BOOM500,5171.556,-1,0.014000000000123691,BACKFILL_AUTO
2026-04-05 01:36:48,1775353008,BOOM500,5171.547,-1,0.009000000000014552,BACKFILL_AUTO
2026-04-05 01:36:49,1775353009,BOOM500,5171.532,-1,0.014999999999417923,BACKFILL_AUTO
2026-04-05 01:36:50,1775353010,BOOM500,5171.519,-1,0.012999999999919964,BACKFILL_AUTO
2026-04-05 01:36:51,1775353011,BOOM500,5171.516,-1,0.0030000000006111804,BACKFILL_AUTO
2026-04-05 01:36:52,1775353012,BOOM500,5171.514,-1,0.001999999999497959,BACKFILL_AUTO
2026-04-05 01:36:53,1775353013,BOOM500,5171.508,-1,0.006000000000312866,BACKFILL_AUTO
2026-04-05 01:36:54,1775353014,BOOM500,5171.5,-1,0.007999999999810825,BACKFILL_AUTO
2026-04-05 01:36:55,1775353015,BOOM500,5171.485,-1,0.015000000000327418,BACKFILL_AUTO
2026-04-05 01:36:56,1775353016,BOOM500,5171.484,-1,0.0009999999992942321,BACKFILL_AUTO
2026-04-05 01:36:57,1775353017,BOOM500,5171.469,-1,0.015000000000327418,BACKFILL_AUTO
2026-04-05 01:36:58,1775353018,BOOM500,5171.459,-1,0.010000000000218279,BACKFILL_AUTO
2026-04-05 01:36:59,1775353019,BOOM500,5171.45,-1,0.009000000000014552,BACKFILL_AUTO
2026-04-05 01:37:00,1775353020,BOOM500,5171.445,-1,0.005000000000109139,BACKFILL_AUTO
2026-04-05 01:37:01,1775353021,BOOM500,5171.435,-1,0.009999999999308784,BACKFILL_AUTO
2026-04-05 01:37:02,1775353022,BOOM500,5171.428,-1,0.007000000000516593,BACKFILL_AUTO
2026-04-05 01:37:03,1775353023,BOOM500,5171.412,-1,0.01599999999962165,BACKFILL_AUTO
2026-04-05 01:37:04,1775353024,BOOM500,5171.392,-1,0.020000000000436557,BACKFILL_AUTO
2026-04-05 01:37:05,1775353025,BOOM500,5171.392,0,0.0,BACKFILL_AUTO
2026-04-05 01:37:06,1775353026,BOOM500,5171.383,-1,0.009000000000014552,BACKFILL_AUTO
2026-04-05 01:37:07,1775353027,BOOM500,5171.373,-1,0.010000000000218279,BACKFILL_AUTO
2026-04-05 01:37:08,1775353028,BOOM500,5171.359,-1,0.013999999999214197,BACKFILL_AUTO
2026-04-05 01:37:09,1775353029,BOOM500,5171.356,-1,0.0030000000006111804,BACKFILL_AUTO
2026-04-05 01:37:10,1775353030,BOOM500,5171.343,-1,0.012999999999919964,BACKFILL_AUTO
2026-04-05 01:37:11,1775353031,BOOM500,5171.331,-1,0.011999999999716238,BACKFILL_AUTO
2026-04-05 01:37:12,1775353032,BOOM500,5171.32,-1,0.011000000000422006,BACKFILL_AUTO
2026-04-05 01:37:13,1775353033,BOOM500,5171.301,-1,0.018999999999323336,BACKFILL_AUTO
2026-04-05 01:37:14,1775353034,BOOM500,5171.29,-1,0.011000000000422006,BACKFILL_AUTO
2026-04-05 01:37:15,1775353035,BOOM500,5171.283,-1,0.006999999999607098,BACKFILL_AUTO
2026-04-05 01:37:16,1775353036,BOOM500,5171.271,-1,0.012000000000625732,BACKFILL_AUTO
2026-04-05 01:37:17,1775353037,BOOM500,5171.262,-1,0.009000000000014552,BACKFILL_AUTO
2026-04-05 01:37:18,1775353038,BOOM500,5171.25,-1,0.011999999999716238,BACKFILL_AUTO
2026-04-05 01:37:19,1775353039,BOOM500,5171.238,-1,0.011999999999716238,BACKFILL_AUTO
2026-04-05 01:37:20,1775353040,BOOM500,5171.234,-1,0.0039999999999054126,BACKFILL_AUTO
2026-04-05 01:37:21,1775353041,BOOM500,5171.212,-1,0.021999999999934516,BACKFILL_AUTO
2026-04-05 01:37:22,1775353042,BOOM500,5171.195,-1,0.01700000000073487,BACKFILL_AUTO
2026-04-05 01:37:23,1775353043,BOOM500,5171.189,-1,0.0059999999994033715,BACKFILL_AUTO
2026-04-05 01:37:24,1775353044,BOOM500,5171.178,-1,0.011000000000422006,BACKFILL_AUTO
2026-04-05 01:37:25,1775353045,BOOM500,5171.154,-1,0.023999999999432475,BACKFILL_AUTO
2026-04-05 01:37:26,1775353046,BOOM500,5171.153,-1,0.0010000000002037268,BACKFILL_AUTO
2026-04-05 01:37:27,1775353047,BOOM500,5171.149,-1,0.0039999999999054126,BACKFILL_AUTO
2026-04-05 01:37:28,1775353048,BOOM500,5171.138,-1,0.011000000000422006,BACKFILL_AUTO
2026-04-05 01:37:29,1775353049,BOOM500,5171.137,-1,0.0010000000002037268,BACKFILL_AUTO
2026-04-05 01:37:30,1775353050,BOOM500,5171.129,-1,0.007999999999810825,BACKFILL_AUTO
2026-04-05 01:37:31,1775353051,BOOM500,5171.115,-1,0.014000000000123691,BACKFILL_AUTO
2026-04-05 01:37:32,1775353052,BOOM500,5171.096,-1,0.01900000000023283,BACKFILL_AUTO
2026-04-05 01:37:33,1775353053,BOOM500,5171.09,-1,0.0059999999994033715,BACKFILL_AUTO
2026-04-05 01:37:34,1775353054,BOOM500,5171.087,-1,0.0029999999997016857,BACKFILL_AUTO
2026-04-05 01:37:35,1775353055,BOOM500,5171.074,-1,0.01300000000082946,BACKFILL_AUTO
2026-04-05 01:37:36,1775353056,BOOM500,5171.063,-1,0.01099999999951251,BACKFILL_AUTO
2026-04-05 01:37:37,1775353057,BOOM500,5171.05,-1,0.012999999999919964,BACKFILL_AUTO
2026-04-05 01:37:38,1775353058,BOOM500,5171.042,-1,0.007999999999810825,BACKFILL_AUTO
2026-04-05 01:37:39,1775353059,BOOM500,5171.037,-1,0.005000000000109139,BACKFILL_AUTO
2026-04-05 01:37:40,1775353060,BOOM500,5171.031,-1,0.006000000000312866,BACKFILL_AUTO
2026-04-05 01:37:41,1775353061,BOOM500,5171.021,-1,0.010000000000218279,BACKFILL_AUTO
2026-04-05 01:37:42,1775353062,BOOM500,5171.011,-1,0.009999999999308784,BACKFILL_AUTO
2026-04-05 01:37:43,1775353063,BOOM500,5170.994,-1,0.01700000000073487,BACKFILL_AUTO
2026-04-05 01:37:44,1775353064,BOOM500,5170.97,-1,0.023999999999432475,BACKFILL_AUTO
2026-04-05 01:37:45,1775353065,BOOM500,5170.967,-1,0.0030000000006111804,BACKFILL_AUTO
2026-04-05 01:37:46,1775353066,BOOM500,5170.966,-1,0.0009999999992942321,BACKFILL_AUTO
2026-04-05 01:37:47,1775353067,BOOM500,5170.96,-1,0.006000000000312866,BACKFILL_AUTO
2026-04-05 01:37:48,1775353068,BOOM500,5170.952,-1,0.007999999999810825,BACKFILL_AUTO
2026-04-05 01:37:49,1775353069,BOOM500,5170.948,-1,0.0039999999999054126,BACKFILL_AUTO
2026-04-05 01:37:50,1775353070,BOOM500,5170.937,-1,0.011000000000422006,BACKFILL_AUTO
2026-04-05 01:37:51,1775353071,BOOM500,5170.92,-1,0.016999999999825377,BACKFILL_AUTO
2026-04-05 01:37:52,1775353072,BOOM500,5170.893,-1,0.027000000000043656,BACKFILL_AUTO
2026-04-05 01:37:53,1775353073,BOOM500,5170.88,-1,0.012999999999919964,BACKFILL_AUTO
2026-04-05 01:37:54,1775353074,BOOM500,5170.866,-1,0.014000000000123691,BACKFILL_AUTO
2026-04-05 01:37:55,1775353075,BOOM500,5170.862,-1,0.0039999999999054126,BACKFILL_AUTO
2026-04-05 01:37:56,1775353076,BOOM500,5170.847,-1,0.015000000000327418,BACKFILL_AUTO
2026-04-05 01:37:57,1775353077,BOOM500,5170.834,-1,0.012999999999919964,BACKFILL_AUTO
2026-04-05 01:37:58,1775353078,BOOM500,5170.82,-1,0.014000000000123691,BACKFILL_AUTO
2026-04-05 01:37:59,1775353079,BOOM500,5170.808,-1,0.011999999999716238,BACKFILL_AUTO
2026-04-05 01:38:00,1775353080,BOOM500,5170.784,-1,0.02400000000034197,BACKFILL_AUTO
2026-04-05 01:38:01,1775353081,BOOM500,5170.769,-1,0.014999999999417923,BACKFILL_AUTO
2026-04-05 01:38:02,1775353082,BOOM500,5170.76,-1,0.009000000000014552,BACKFILL_AUTO
2026-04-05 01:38:03,1775353083,BOOM500,5170.76,0,0.0,BACKFILL_AUTO
2026-04-05 01:38:04,1775353084,BOOM500,5170.758,-1,0.0020000000004074536,BACKFILL_AUTO
2026-04-05 01:38:05,1775353085,BOOM500,5170.751,-1,0.006999999999607098,BACKFILL_AUTO
2026-04-05 01:38:06,1775353086,BOOM500,5170.75,-1,0.0010000000002037268,BACKFILL_AUTO
2026-04-05 01:38:07,1775353087,BOOM500,5170.742,-1,0.007999999999810825,BACKFILL_AUTO
2026-04-05 01:38:08,1775353088,BOOM500,5170.725,-1,0.016999999999825377,BACKFILL_AUTO
2026-04-05 01:38:09,1775353089,BOOM500,5170.724,-1,0.0010000000002037268,BACKFILL_AUTO
2026-04-05 01:38:10,1775353090,BOOM500,5170.706,-1,0.018000000000029104,BACKFILL_AUTO
2026-04-05 01:38:11,1775353091,BOOM500,5170.695,-1,0.011000000000422006,BACKFILL_AUTO
2026-04-05 01:38:12,1775353092,BOOM500,5170.69,-1,0.005000000000109139,BACKFILL_AUTO
2026-04-05 01:38:13,1775353093,BOOM500,5170.689,-1,0.0009999999992942321,BACKFILL_AUTO
2026-04-05 01:38:14,1775353094,BOOM500,5170.673,-1,0.016000000000531145,BACKFILL_AUTO
2026-04-05 01:38:15,1775353095,BOOM500,5170.667,-1,0.0059999999994033715,BACKFILL_AUTO
2026-04-05 01:38:16,1775353096,BOOM500,5170.656,-1,0.011000000000422006,BACKFILL_AUTO
2026-04-05 01:38:17,1775353097,BOOM500,5170.655,-1,0.0010000000002037268,BACKFILL_AUTO
2026-04-05 01:38:18,1775353098,BOOM500,5170.648,-1,0.006999999999607098,BACKFILL_AUTO
2026-04-05 01:38:19,1775353099,BOOM500,5170.629,-1,0.01900000000023283,BACKFILL_AUTO
2026-04-05 01:38:20,1775353100,BOOM500,5170.614,-1,0.015000000000327418,BACKFILL_AUTO
2026-04-05 01:38:21,1775353101,BOOM500,5170.61,-1,0.0039999999999054126,BACKFILL_AUTO
2026-04-05 01:38:22,1775353102,BOOM500,5170.604,-1,0.0059999999994033715,BACKFILL_AUTO
2026-04-05 01:38:23,1775353103,BOOM500,5170.593,-1,0.011000000000422006,BACKFILL_AUTO
2026-04-05 01:38:24,1775353104,BOOM500,5170.564,-1,0.028999999999541615,BACKFILL_AUTO
2026-04-05 01:38:25,1775353105,BOOM500,5170.55,-1,0.014000000000123691,BACKFILL_AUTO
2026-04-05 01:38:26,1775353106,BOOM500,5170.533,-1,0.016999999999825377,BACKFILL_AUTO
2026-04-05 01:38:27,1775353107,BOOM500,5170.532,-1,0.0010000000002037268,BACKFILL_AUTO
2026-04-05 01:38:28,1775353108,BOOM500,5170.522,-1,0.010000000000218279,BACKFILL_AUTO
2026-04-05 01:38:29,1775353109,BOOM500,5170.51,-1,0.011999999999716238,BACKFILL_AUTO
2026-04-05 01:38:30,1775353110,BOOM500,5170.487,-1,0.023000000000138243,BACKFILL_AUTO
2026-04-05 01:38:31,1775353111,BOOM500,5170.466,-1,0.02099999999973079,BACKFILL_AUTO
2026-04-05 01:38:32,1775353112,BOOM500,5170.463,-1,0.0030000000006111804,BACKFILL_AUTO
2026-04-05 01:38:33,1775353113,BOOM500,5170.46,-1,0.0029999999997016857,BACKFILL_AUTO
2026-04-05 01:38:34,1775353114,BOOM500,5170.436,-1,0.02400000000034197,BACKFILL_AUTO
2026-04-05 01:38:35,1775353115,BOOM500,5170.423,-1,0.012999999999919964,BACKFILL_AUTO
2026-04-05 01:38:36,1775353116,BOOM500,5170.42,-1,0.0029999999997016857,BACKFILL_AUTO
2026-04-05 01:38:37,1775353117,BOOM500,5170.42,0,0.0,BACKFILL_AUTO
2026-04-05 01:38:38,1775353118,BOOM500,5170.407,-1,0.012999999999919964,BACKFILL_AUTO
2026-04-05 01:38:39,1775353119,BOOM500,5170.396,-1,0.011000000000422006,BACKFILL_AUTO
2026-04-05 01:38:40,1775353120,BOOM500,5170.391,-1,0.005000000000109139,BACKFILL_AUTO
2026-04-05 01:38:41,1775353121,BOOM500,5170.39,-1,0.0009999999992942321,BACKFILL_AUTO
2026-04-05 01:38:42,1775353122,BOOM500,5170.39,0,0.0,BACKFILL_AUTO
2026-04-05 01:38:43,1775353123,BOOM500,5170.383,-1,0.007000000000516593,BACKFILL_AUTO
2026-04-05 01:38:44,1775353124,BOOM500,5170.368,-1,0.014999999999417923,BACKFILL_AUTO
2026-04-05 01:38:45,1775353125,BOOM500,5170.362,-1,0.006000000000312866,BACKFILL_AUTO
2026-04-05 01:38:46,1775353126,BOOM500,5170.353,-1,0.009000000000014552,BACKFILL_AUTO
2026-04-05 01:38:47,1775353127,BOOM500,5170.346,-1,0.007000000000516593,BACKFILL_AUTO
2026-04-05 01:38:48,1775353128,BOOM500,5170.34,-1,0.0059999999994033715,BACKFILL_AUTO
2026-04-05 01:38:49,1775353129,BOOM500,5170.325,-1,0.015000000000327418,BACKFILL_AUTO
2026-04-05 01:38:50,1775353130,BOOM500,5170.324,-1,0.0010000000002037268,BACKFILL_AUTO
2026-04-05 01:38:51,1775353131,BOOM500,5170.319,-1,0.004999999999199645,BACKFILL_AUTO
2026-04-05 01:38:52,1775353132,BOOM500,5170.311,-1,0.00800000000072032,BACKFILL_AUTO
2026-04-05 01:38:53,1775353133,BOOM500,5170.282,-1,0.028999999999541615,BACKFILL_AUTO
2026-04-05 01:38:54,1775353134,BOOM500,5170.276,-1,0.006000000000312866,BACKFILL_AUTO
2026-04-05 01:38:55,1775353135,BOOM500,5170.265,-1,0.01099999999951251,BACKFILL_AUTO
2026-04-05 01:38:56,1775353136,BOOM500,5170.255,-1,0.010000000000218279,BACKFILL_AUTO
2026-04-05 01:38:57,1775353137,BOOM500,5170.244,-1,0.011000000000422006,BACKFILL_AUTO
2026-04-05 01:38:58,1775353138,BOOM500,5170.23,-1,0.014000000000123691,BACKFILL_AUTO
2026-04-05 01:38:59,1775353139,BOOM500,5170.213,-1,0.016999999999825377,BACKFILL_AUTO
2026-04-05 01:39:00,1775353140,BOOM500,5170.21,-1,0.0029999999997016857,BACKFILL_AUTO
2026-04-05 01:39:01,1775353141,BOOM500,5170.208,-1,0.0020000000004074536,BACKFILL_AUTO
2026-04-05 01:39:02,1775353142,BOOM500,5170.207,-1,0.0009999999992942321,BACKFILL_AUTO
2026-04-05 01:39:03,1775353143,BOOM500,5170.192,-1,0.015000000000327418,BACKFILL_AUTO
2026-04-05 01:39:04,1775353144,BOOM500,5170.181,-1,0.011000000000422006,BACKFILL_AUTO
2026-04-05 01:39:05,1775353145,BOOM500,5170.163,-1,0.018000000000029104,BACKFILL_AUTO
2026-04-05 01:39:06,1775353146,BOOM500,5170.151,-1,0.011999999999716238,BACKFILL_AUTO
2026-04-05 01:39:07,1775353147,BOOM500,5170.13,-1,0.02099999999973079,BACKFILL_AUTO
2026-04-05 01:39:08,1775353148,BOOM500,5170.123,-1,0.007000000000516593,BACKFILL_AUTO
2026-04-05 01:39:09,1775353149,BOOM500,5170.122,-1,0.0009999999992942321,BACKFILL_AUTO
2026-04-05 01:39:10,1775353150,BOOM500,5170.116,-1,0.006000000000312866,BACKFILL_AUTO
2026-04-05 01:39:11,1775353151,BOOM500,5170.104,-1,0.011999999999716238,BACKFILL_AUTO
2026-04-05 01:39:12,1775353152,BOOM500,5170.08,-1,0.02400000000034197,BACKFILL_AUTO
2026-04-05 01:39:13,1775353153,BOOM500,5170.065,-1,0.015000000000327418,BACKFILL_AUTO
2026-04-05 01:39:14,1775353154,BOOM500,5170.055,-1,0.009999999999308784,BACKFILL_AUTO
2026-04-05 01:39:15,1775353155,BOOM500,5170.045,-1,0.010000000000218279,BACKFILL_AUTO
2026-04-05 01:39:16,1775353156,BOOM500,5170.045,0,0.0,BACKFILL_AUTO
2026-04-05 01:39:17,1775353157,BOOM500,5170.038,-1,0.007000000000516593,BACKFILL_AUTO
2026-04-05 01:39:18,1775353158,BOOM500,5170.021,-1,0.016999999999825377,BACKFILL_AUTO
2026-04-05 01:39:19,1775353159,BOOM500,5170.018,-1,0.0029999999997016857,BACKFILL_AUTO
2026-04-05 01:39:20,1775353160,BOOM500,5170.018,0,0.0,BACKFILL_AUTO
2026-04-05 01:39:21,1775353161,BOOM500,5169.991,-1,0.027000000000043656,BACKFILL_AUTO
2026-04-05 01:39:22,1775353162,BOOM500,5169.974,-1,0.016999999999825377,BACKFILL_AUTO
2026-04-05 01:39:23,1775353163,BOOM500,5169.961,-1,0.012999999999919964,BACKFILL_AUTO
2026-04-05 01:39:24,1775353164,BOOM500,5169.947,-1,0.014000000000123691,BACKFILL_AUTO
2026-04-05 01:39:25,1775353165,BOOM500,5169.933,-1,0.014000000000123691,BACKFILL_AUTO
2026-04-05 01:39:26,1775353166,BOOM500,5169.927,-1,0.006000000000312866,BACKFILL_AUTO
2026-04-05 01:39:27,1775353167,BOOM500,5169.912,-1,0.014999999999417923,BACKFILL_AUTO
2026-04-05 01:39:28,1775353168,BOOM500,5169.891,-1,0.021000000000640284,BACKFILL_AUTO
2026-04-05 01:39:29,1775353169,BOOM500,5169.89,-1,0.0009999999992942321,BACKFILL_AUTO
2026-04-05 01:39:30,1775353170,BOOM500,5169.883,-1,0.007000000000516593,BACKFILL_AUTO
2026-04-05 01:39:31,1775353171,BOOM500,5169.875,-1,0.007999999999810825,BACKFILL_AUTO
2026-04-05 01:39:32,1775353172,BOOM500,5169.865,-1,0.010000000000218279,BACKFILL_AUTO
2026-04-05 01:39:33,1775353173,BOOM500,5169.833,-1,0.032000000000152795,BACKFILL_AUTO
2026-04-05 01:39:34,1775353174,BOOM500,5169.832,-1,0.0009999999992942321,BACKFILL_AUTO
2026-04-05 01:39:35,1775353175,BOOM500,5169.82,-1,0.012000000000625732,BACKFILL_AUTO
2026-04-05 01:39:36,1775353176,BOOM500,5169.818,-1,0.001999999999497959,BACKFILL_AUTO
2026-04-05 01:39:37,1775353177,BOOM500,5169.805,-1,0.012999999999919964,BACKFILL_AUTO
2026-04-05 01:39:38,1775353178,BOOM500,5169.782,-1,0.023000000000138243,BACKFILL_AUTO
2026-04-05 01:39:39,1775353179,BOOM500,5169.78,-1,0.0020000000004074536,BACKFILL_AUTO
2026-04-05 01:39:40,1775353180,BOOM500,5169.772,-1,0.007999999999810825,BACKFILL_AUTO
2026-04-05 01:39:41,1775353181,BOOM500,5169.77,-1,0.001999999999497959,BACKFILL_AUTO
2026-04-05 01:39:42,1775353182,BOOM500,5169.751,-1,0.01900000000023283,BACKFILL_AUTO
2026-04-05 01:39:43,1775353183,BOOM500,5169.748,-1,0.0030000000006111804,BACKFILL_AUTO
2026-04-05 01:39:44,1775353184,BOOM500,5169.741,-1,0.006999999999607098,BACKFILL_AUTO
2026-04-05 01:39:45,1775353185,BOOM500,5169.728,-1,0.012999999999919964,BACKFILL_AUTO
2026-04-05 01:39:46,1775353186,BOOM500,5169.705,-1,0.023000000000138243,BACKFILL_AUTO
2026-04-05 01:39:47,1775353187,BOOM500,5169.702,-1,0.0029999999997016857,BACKFILL_AUTO
2026-04-05 01:39:48,1775353188,BOOM500,5169.699,-1,0.0030000000006111804,BACKFILL_AUTO
2026-04-05 01:39:49,1775353189,BOOM500,5169.683,-1,0.01599999999962165,BACKFILL_AUTO
2026-04-05 01:39:50,1775353190,BOOM500,5169.676,-1,0.006999999999607098,BACKFILL_AUTO
2026-04-05 01:39:51,1775353191,BOOM500,5169.669,-1,0.007000000000516593,BACKFILL_AUTO
2026-04-05 01:39:52,1775353192,BOOM500,5169.662,-1,0.006999999999607098,BACKFILL_AUTO
2026-04-05 01:39:53,1775353193,BOOM500,5169.654,-1,0.007999999999810825,BACKFILL_AUTO
2026-04-05 01:39:54,1775353194,BOOM500,5169.645,-1,0.009000000000014552,BACKFILL_AUTO
2026-04-05 01:39:55,1775353195,BOOM500,5169.645,0,0.0,BACKFILL_AUTO
2026-04-05 01:39:56,1775353196,BOOM500,5169.633,-1,0.012000000000625732,BACKFILL_AUTO
2026-04-05 01:39:57,1775353197,BOOM500,5169.62,-1,0.012999999999919964,BACKFILL_AUTO
2026-04-05 01:39:58,1775353198,BOOM500,5169.615,-1,0.005000000000109139,BACKFILL_AUTO
2026-04-05 01:39:59,1775353199,BOOM500,5169.59,-1,0.024999999999636202,BACKFILL_AUTO
2026-04-05 01:40:00,1775353200,BOOM500,5169.589,-1,0.0010000000002037268,BACKFILL_AUTO
2026-04-05 01:40:01,1775353201,BOOM500,5169.574,-1,0.015000000000327418,BACKFILL_AUTO
2026-04-05 01:40:02,1775353202,BOOM500,5169.569,-1,0.004999999999199645,BACKFILL_AUTO
2026-04-05 01:40:03,1775353203,BOOM500,5169.556,-1,0.01300000000082946,BACKFILL_AUTO
2026-04-05 01:40:04,1775353204,BOOM500,5169.551,-1,0.004999999999199645,BACKFILL_AUTO
2026-04-05 01:40:05,1775353205,BOOM500,5169.532,-1,0.01900000000023283,BACKFILL_AUTO
2026-04-05 01:40:06,1775353206,BOOM500,5169.514,-1,0.018000000000029104,BACKFILL_AUTO
2026-04-05 01:40:07,1775353207,BOOM500,5169.508,-1,0.006000000000312866,BACKFILL_AUTO
2026-04-05 01:40:08,1775353208,BOOM500,5169.502,-1,0.0059999999994033715,BACKFILL_AUTO
2026-04-05 01:40:09,1775353209,BOOM500,5169.485,-1,0.01700000000073487,BACKFILL_AUTO
2026-04-05 01:40:10,1775353210,BOOM500,5169.466,-1,0.018999999999323336,BACKFILL_AUTO
2026-04-05 01:40:11,1775353211,BOOM500,5169.456,-1,0.010000000000218279,BACKFILL_AUTO
2026-04-05 01:40:12,1775353212,BOOM500,5169.436,-1,0.020000000000436557,BACKFILL_AUTO
2026-04-05 01:40:13,1775353213,BOOM500,5169.42,-1,0.01599999999962165,BACKFILL_AUTO
2026-04-05 01:40:14,1775353214,BOOM500,5169.386,-1,0.033999999999650754,BACKFILL_AUTO
2026-04-05 01:40:15,1775353215,BOOM500,5169.383,-1,0.0030000000006111804,BACKFILL_AUTO
2026-04-05 01:40:16,1775353216,BOOM500,5169.378,-1,0.005000000000109139,BACKFILL_AUTO
2026-04-05 01:40:17,1775353217,BOOM500,5169.357,-1,0.02099999999973079,BACKFILL_AUTO
2026-04-05 01:40:18,1775353218,BOOM500,5169.348,-1,0.009000000000014552,BACKFILL_AUTO
2026-04-05 01:40:19,1775353219,BOOM500,5169.319,-1,0.028999999999541615,BACKFILL_AUTO
2026-04-05 01:40:20,1775353220,BOOM500,5169.305,-1,0.014000000000123691,BACKFILL_AUTO
2026-04-05 01:40:21,1775353221,BOOM500,5169.295,-1,0.010000000000218279,BACKFILL_AUTO
2026-04-05 01:40:22,1775353222,BOOM500,5169.282,-1,0.012999999999919964,BACKFILL_AUTO
2026-04-05 01:40:23,1775353223,BOOM500,5169.267,-1,0.015000000000327418,BACKFILL_AUTO
2026-04-05 01:40:24,1775353224,BOOM500,5169.262,-1,0.005000000000109139,BACKFILL_AUTO
2026-04-05 01:40:25,1775353225,BOOM500,5169.261,-1,0.0009999999992942321,BACKFILL_AUTO
2026-04-05 01:40:26,1775353226,BOOM500,5169.228,-1,0.03300000000035652,BACKFILL_AUTO
2026-04-05 01:40:27,1775353227,BOOM500,5169.224,-1,0.0039999999999054126,BACKFILL_AUTO
2026-04-05 01:40:28,1775353228,BOOM500,5169.218,-1,0.006000000000312866,BACKFILL_AUTO
2026-04-05 01:40:29,1775353229,BOOM500,5169.202,-1,0.01599999999962165,BACKFILL_AUTO
2026-04-05 01:40:30,1775353230,BOOM500,5169.196,-1,0.006000000000312866,BACKFILL_AUTO
2026-04-05 01:40:31,1775353231,BOOM500,5169.192,-1,0.0039999999999054126,BACKFILL_AUTO
2026-04-05 01:40:32,1775353232,BOOM500,5169.183,-1,0.009000000000014552,BACKFILL_AUTO
2026-04-05 01:40:33,1775353233,BOOM500,5169.179,-1,0.0039999999999054126,BACKFILL_AUTO
2026-04-05 01:40:34,1775353234,BOOM500,5169.158,-1,0.02099999999973079,BACKFILL_AUTO
2026-04-05 01:40:35,1775353235,BOOM500,5169.147,-1,0.011000000000422006,BACKFILL_AUTO
2026-04-05 01:40:36,1775353236,BOOM500,5169.14,-1,0.006999999999607098,BACKFILL_AUTO
2026-04-05 01:40:37,1775353237,BOOM500,5169.125,-1,0.015000000000327418,BACKFILL_AUTO
2026-04-05 01:40:38,1775353238,BOOM500,5169.124,-1,0.0010000000002037268,BACKFILL_AUTO
2026-04-05 01:40:39,1775353239,BOOM500,5169.121,-1,0.0029999999997016857,BACKFILL_AUTO
2026-04-05 01:40:40,1775353240,BOOM500,5169.099,-1,0.021999999999934516,BACKFILL_AUTO
2026-04-05 01:40:41,1775353241,BOOM500,5169.092,-1,0.007000000000516593,BACKFILL_AUTO
2026-04-05 01:40:42,1775353242,BOOM500,5169.088,-1,0.0039999999999054126,BACKFILL_AUTO
2026-04-05 01:40:43,1775353243,BOOM500,5169.074,-1,0.014000000000123691,BACKFILL_AUTO
2026-04-05 01:40:44,1775353244,BOOM500,5169.052,-1,0.021999999999934516,BACKFILL_AUTO
2026-04-05 01:40:45,1775353245,BOOM500,5169.038,-1,0.014000000000123691,BACKFILL_AUTO
2026-04-05 01:40:46,1775353246,BOOM500,5169.036,-1,0.001999999999497959,BACKFILL_AUTO
2026-04-05 01:40:47,1775353247,BOOM500,5169.017,-1,0.01900000000023283,BACKFILL_AUTO
2026-04-05 01:40:48,1775353248,BOOM500,5169.016,-1,0.0010000000002037268,BACKFILL_AUTO
2026-04-05 01:40:49,1775353249,BOOM500,5169.001,-1,0.014999999999417923,BACKFILL_AUTO
2026-04-05 01:40:50,1775353250,BOOM500,5168.988,-1,0.012999999999919964,BACKFILL_AUTO
2026-04-05 01:40:51,1775353251,BOOM500,5168.985,-1,0.0030000000006111804,BACKFILL_AUTO
2026-04-05 01:40:52,1775353252,BOOM500,5168.982,-1,0.0029999999997016857,BACKFILL_AUTO
2026-04-05 01:40:53,1775353253,BOOM500,5168.979,-1,0.0029999999997016857,BACKFILL_AUTO
2026-04-05 01:40:54,1775353254,BOOM500,5168.978,-1,0.0010000000002037268,BACKFILL_AUTO
2026-04-05 01:40:55,1775353255,BOOM500,5168.973,-1,0.005000000000109139,BACKFILL_AUTO
2026-04-05 01:40:56,1775353256,BOOM500,5168.969,-1,0.0039999999999054126,BACKFILL_AUTO
2026-04-05 01:40:57,1775353257,BOOM500,5168.941,-1,0.028000000000247383,BACKFILL_AUTO
2026-04-05 01:40:58,1775353258,BOOM500,5168.935,-1,0.0059999999994033715,BACKFILL_AUTO
2026-04-05 01:40:59,1775353259,BOOM500,5168.933,-1,0.0020000000004074536,BACKFILL_AUTO
2026-04-05 01:41:00,1775353260,BOOM500,5168.924,-1,0.009000000000014552,BACKFILL_AUTO
2026-04-05 01:41:01,1775353261,BOOM500,5168.913,-1,0.011000000000422006,BACKFILL_AUTO
2026-04-05 01:41:02,1775353262,BOOM500,5168.897,-1,0.01599999999962165,BACKFILL_AUTO
2026-04-05 01:41:03,1775353263,BOOM500,5168.89,-1,0.006999999999607098,BACKFILL_AUTO
2026-04-05 01:41:04,1775353264,BOOM500,5168.868,-1,0.021999999999934516,BACKFILL_AUTO
2026-04-05 01:41:05,1775353265,BOOM500,5168.839,-1,0.02900000000045111,BACKFILL_AUTO
2026-04-05 01:41:06,1775353266,BOOM500,5168.826,-1,0.012999999999919964,BACKFILL_AUTO
2026-04-05 01:41:07,1775353267,BOOM500,5168.821,-1,0.005000000000109139,BACKFILL_AUTO
2026-04-05 01:41:08,1775353268,BOOM500,5168.803,-1,0.018000000000029104,BACKFILL_AUTO
2026-04-05 01:41:09,1775353269,BOOM500,5168.783,-1,0.019999999999527063,BACKFILL_AUTO
2026-04-05 01:41:10,1775353270,BOOM500,5168.78,-1,0.0030000000006111804,BACKFILL_AUTO
2026-04-05 01:41:11,1775353271,BOOM500,5168.777,-1,0.0029999999997016857,BACKFILL_AUTO
2026-04-05 01:41:12,1775353272,BOOM500,5168.765,-1,0.011999999999716238,BACKFILL_AUTO
2026-04-05 01:41:13,1775353273,BOOM500,5168.748,-1,0.01700000000073487,BACKFILL_AUTO
2026-04-05 01:41:14,1775353274,BOOM500,5168.738,-1,0.009999999999308784,BACKFILL_AUTO
2026-04-05 01:41:15,1775353275,BOOM500,5168.734,-1,0.0039999999999054126,BACKFILL_AUTO
2026-04-05 01:41:16,1775353276,BOOM500,5168.72,-1,0.014000000000123691,BACKFILL_AUTO
2026-04-05 01:41:17,1775353277,BOOM500,5168.712,-1,0.007999999999810825,BACKFILL_AUTO
2026-04-05 01:41:18,1775353278,BOOM500,5168.698,-1,0.014000000000123691,BACKFILL_AUTO
2026-04-05 01:41:19,1775353279,BOOM500,5168.684,-1,0.014000000000123691,BACKFILL_AUTO
2026-04-05 01:41:20,1775353280,BOOM500,5168.656,-1,0.028000000000247383,BACKFILL_AUTO
2026-04-05 01:41:21,1775353281,BOOM500,5168.64,-1,0.01599999999962165,BACKFILL_AUTO
2026-04-05 01:41:22,1775353282,BOOM500,5168.627,-1,0.012999999999919964,BACKFILL_AUTO
2026-04-05 01:41:23,1775353283,BOOM500,5168.622,-1,0.005000000000109139,BACKFILL_AUTO
2026-04-05 01:41:24,1775353284,BOOM500,5168.614,-1,0.00800000000072032,BACKFILL_AUTO
2026-04-05 01:41:25,1775353285,BOOM500,5168.608,-1,0.0059999999994033715,BACKFILL_AUTO
2026-04-05 01:41:26,1775353286,BOOM500,5168.597,-1,0.011000000000422006,BACKFILL_AUTO
2026-04-05 01:41:27,1775353287,BOOM500,5168.589,-1,0.007999999999810825,BACKFILL_AUTO
2026-04-05 01:41:28,1775353288,BOOM500,5168.576,-1,0.012999999999919964,BACKFILL_AUTO
2026-04-05 01:41:29,1775353289,BOOM500,5168.566,-1,0.010000000000218279,BACKFILL_AUTO
2026-04-05 01:41:30,1775353290,BOOM500,5168.541,-1,0.024999999999636202,BACKFILL_AUTO
2026-04-05 01:41:31,1775353291,BOOM500,5168.539,-1,0.0020000000004074536,BACKFILL_AUTO
2026-04-05 01:41:32,1775353292,BOOM500,5168.529,-1,0.009999999999308784,BACKFILL_AUTO
2026-04-05 01:41:33,1775353293,BOOM500,5168.519,-1,0.010000000000218279,BACKFILL_AUTO
2026-04-05 01:41:34,1775353294,BOOM500,5168.514,-1,0.005000000000109139,BACKFILL_AUTO
2026-04-05 01:41:35,1775353295,BOOM500,5168.498,-1,0.016000000000531145,BACKFILL_AUTO
2026-04-05 01:41:36,1775353296,BOOM500,5168.48,-1,0.018000000000029104,BACKFILL_AUTO
2026-04-05 01:41:37,1775353297,BOOM500,5168.458,-1,0.021999999999934516,BACKFILL_AUTO
2026-04-05 01:41:38,1775353298,BOOM500,5168.456,-1,0.001999999999497959,BACKFILL_AUTO
2026-04-05 01:41:39,1775353299,BOOM500,5168.451,-1,0.005000000000109139,BACKFILL_AUTO
2026-04-05 01:41:40,1775353300,BOOM500,5168.431,-1,0.020000000000436557,BACKFILL_AUTO
2026-04-05 01:41:41,1775353301,BOOM500,5168.421,-1,0.009999999999308784,BACKFILL_AUTO
2026-04-05 01:41:42,1775353302,BOOM500,5168.419,-1,0.0020000000004074536,BACKFILL_AUTO
2026-04-05 01:41:43,1775353303,BOOM500,5168.406,-1,0.012999999999919964,BACKFILL_AUTO
2026-04-05 01:41:44,1775353304,BOOM500,5168.394,-1,0.011999999999716238,BACKFILL_AUTO
2026-04-05 01:41:45,1775353305,BOOM500,5168.39,-1,0.0039999999999054126,BACKFILL_AUTO
2026-04-05 01:41:46,1775353306,BOOM500,5168.387,-1,0.0030000000006111804,BACKFILL_AUTO
2026-04-05 01:41:47,1775353307,BOOM500,5168.38,-1,0.006999999999607098,BACKFILL_AUTO
2026-04-05 01:41:48,1775353308,BOOM500,5168.376,-1,0.0039999999999054126,BACKFILL_AUTO
2026-04-05 01:41:49,1775353309,BOOM500,5168.371,-1,0.005000000000109139,BACKFILL_AUTO
2026-04-05 01:41:50,1775353310,BOOM500,5168.359,-1,0.011999999999716238,BACKFILL_AUTO
2026-04-05 01:41:51,1775353311,BOOM500,5168.353,-1,0.006000000000312866,BACKFILL_AUTO
2026-04-05 01:41:52,1775353312,BOOM500,5168.344,-1,0.009000000000014552,BACKFILL_AUTO
2026-04-05 01:41:53,1775353313,BOOM500,5168.327,-1,0.016999999999825377,BACKFILL_AUTO
2026-04-05 01:41:54,1775353314,BOOM500,5168.316,-1,0.011000000000422006,BACKFILL_AUTO
2026-04-05 01:41:55,1775353315,BOOM500,5168.313,-1,0.0029999999997016857,BACKFILL_AUTO
2026-04-05 01:41:56,1775353316,BOOM500,5168.302,-1,0.011000000000422006,BACKFILL_AUTO
2026-04-05 01:41:57,1775353317,BOOM500,5168.281,-1,0.02099999999973079,BACKFILL_AUTO
2026-04-05 01:41:58,1775353318,BOOM500,5168.272,-1,0.009000000000014552,BACKFILL_AUTO
2026-04-05 01:41:59,1775353319,BOOM500,5168.263,-1,0.009000000000014552,BACKFILL_AUTO
2026-04-05 01:42:00,1775353320,BOOM500,5168.252,-1,0.01099999999951251,BACKFILL_AUTO
2026-04-05 01:42:01,1775353321,BOOM500,5168.236,-1,0.016000000000531145,BACKFILL_AUTO
2026-04-05 01:42:02,1775353322,BOOM500,5168.222,-1,0.014000000000123691,BACKFILL_AUTO
2026-04-05 01:42:03,1775353323,BOOM500,5168.22,-1,0.001999999999497959,BACKFILL_AUTO
2026-04-05 01:42:04,1775353324,BOOM500,5168.218,-1,0.0020000000004074536,BACKFILL_AUTO
2026-04-05 01:42:05,1775353325,BOOM500,5168.216,-1,0.001999999999497959,BACKFILL_AUTO
2026-04-05 01:42:06,1775353326,BOOM500,5168.208,-1,0.00800000000072032,BACKFILL_AUTO
2026-04-05 01:42:07,1775353327,BOOM500,5168.201,-1,0.006999999999607098,BACKFILL_AUTO
2026-04-05 01:42:08,1775353328,BOOM500,5168.178,-1,0.023000000000138243,BACKFILL_AUTO
2026-04-05 01:42:09,1775353329,BOOM500,5168.17,-1,0.007999999999810825,BACKFILL_AUTO
2026-04-05 01:42:10,1775353330,BOOM500,5168.165,-1,0.005000000000109139,BACKFILL_AUTO
2026-04-05 01:42:11,1775353331,BOOM500,5168.144,-1,0.02099999999973079,BACKFILL_AUTO
2026-04-05 01:42:12,1775353332,BOOM500,5168.13,-1,0.014000000000123691,BACKFILL_AUTO
2026-04-05 01:42:13,1775353333,BOOM500,5168.126,-1,0.0039999999999054126,BACKFILL_AUTO
2026-04-05 01:42:14,1775353334,BOOM500,5168.117,-1,0.009000000000014552,BACKFILL_AUTO
2026-04-05 01:42:15,1775353335,BOOM500,5168.097,-1,0.020000000000436557,BACKFILL_AUTO
2026-04-05 01:42:16,1775353336,BOOM500,5168.081,-1,0.01599999999962165,BACKFILL_AUTO
2026-04-05 01:42:17,1775353337,BOOM500,5168.072,-1,0.009000000000014552,BACKFILL_AUTO
2026-04-05 01:42:18,1775353338,BOOM500,5168.051,-1,0.02099999999973079,BACKFILL_AUTO
2026-04-05 01:42:19,1775353339,BOOM500,5168.027,-1,0.02400000000034197,BACKFILL_AUTO
2026-04-05 01:42:20,1775353340,BOOM500,5168.003,-1,0.02400000000034197,BACKFILL_AUTO
2026-04-05 01:42:21,1775353341,BOOM500,5168.001,-1,0.001999999999497959,BACKFILL_AUTO
2026-04-05 01:42:22,1775353342,BOOM500,5167.984,-1,0.016999999999825377,BACKFILL_AUTO
2026-04-05 01:42:23,1775353343,BOOM500,5167.968,-1,0.016000000000531145,BACKFILL_AUTO
2026-04-05 01:42:24,1775353344,BOOM500,5167.957,-1,0.01099999999951251,BACKFILL_AUTO
2026-04-05 01:42:25,1775353345,BOOM500,5167.951,-1,0.006000000000312866,BACKFILL_AUTO
2026-04-05 01:42:26,1775353346,BOOM500,5167.95,-1,0.0010000000002037268,BACKFILL_AUTO
2026-04-05 01:42:27,1775353347,BOOM500,5167.939,-1,0.01099999999951251,BACKFILL_AUTO
2026-04-05 01:42:28,1775353348,BOOM500,5167.924,-1,0.015000000000327418,BACKFILL_AUTO
2026-04-05 01:42:29,1775353349,BOOM500,5167.924,0,0.0,BACKFILL_AUTO
2026-04-05 01:42:30,1775353350,BOOM500,5167.917,-1,0.006999999999607098,BACKFILL_AUTO
2026-04-05 01:42:31,1775353351,BOOM500,5167.916,-1,0.0010000000002037268,BACKFILL_AUTO
2026-04-05 01:42:32,1775353352,BOOM500,5167.903,-1,0.012999999999919964,BACKFILL_AUTO
2026-04-05 01:42:33,1775353353,BOOM500,5167.899,-1,0.0039999999999054126,BACKFILL_AUTO
2026-04-05 01:42:34,1775353354,BOOM500,5167.883,-1,0.016000000000531145,BACKFILL_AUTO
2026-04-05 01:42:35,1775353355,BOOM500,5167.882,-1,0.0010000000002037268,BACKFILL_AUTO
2026-04-05 01:42:36,1775353356,BOOM500,5167.881,-1,0.0009999999992942321,BACKFILL_AUTO
2026-04-05 01:42:37,1775353357,BOOM500,5167.878,-1,0.0030000000006111804,BACKFILL_AUTO
2026-04-05 01:42:38,1775353358,BOOM500,5167.842,-1,0.03600000000005821,BACKFILL_AUTO
2026-04-05 01:42:39,1775353359,BOOM500,5167.839,-1,0.0029999999997016857,BACKFILL_AUTO
2026-04-05 01:42:40,1775353360,BOOM500,5167.821,-1,0.018000000000029104,BACKFILL_AUTO
2026-04-05 01:42:41,1775353361,BOOM500,5167.811,-1,0.010000000000218279,BACKFILL_AUTO
2026-04-05 01:42:42,1775353362,BOOM500,5167.807,-1,0.0039999999999054126,BACKFILL_AUTO
2026-04-05 01:42:43,1775353363,BOOM500,5167.795,-1,0.011999999999716238,BACKFILL_AUTO
2026-04-05 01:42:44,1775353364,BOOM500,5167.773,-1,0.021999999999934516,BACKFILL_AUTO
2026-04-05 01:42:45,1775353365,BOOM500,5167.761,-1,0.011999999999716238,BACKFILL_AUTO
2026-04-05 01:42:46,1775353366,BOOM500,5167.741,-1,0.020000000000436557,BACKFILL_AUTO
2026-04-05 01:42:47,1775353367,BOOM500,5167.721,-1,0.020000000000436557,BACKFILL_AUTO
2026-04-05 01:42:48,1775353368,BOOM500,5167.705,-1,0.01599999999962165,BACKFILL_AUTO
2026-04-05 01:42:49,1775353369,BOOM500,5167.692,-1,0.012999999999919964,BACKFILL_AUTO
2026-04-05 01:42:50,1775353370,BOOM500,5167.662,-1,0.02999999999974534,BACKFILL_AUTO
2026-04-05 01:42:51,1775353371,BOOM500,5167.658,-1,0.0039999999999054126,BACKFILL_AUTO
2026-04-05 01:42:52,1775353372,BOOM500,5167.656,-1,0.0020000000004074536,BACKFILL_AUTO
2026-04-05 01:42:53,1775353373,BOOM500,5167.646,-1,0.010000000000218279,BACKFILL_AUTO
2026-04-05 01:42:54,1775353374,BOOM500,5167.645,-1,0.0009999999992942321,BACKFILL_AUTO
2026-04-05 01:42:55,1775353375,BOOM500,5167.634,-1,0.011000000000422006,BACKFILL_AUTO
2026-04-05 01:42:56,1775353376,BOOM500,5167.62,-1,0.014000000000123691,BACKFILL_AUTO
2026-04-05 01:42:57,1775353377,BOOM500,5167.612,-1,0.007999999999810825,BACKFILL_AUTO
2026-04-05 01:42:58,1775353378,BOOM500,5167.603,-1,0.009000000000014552,BACKFILL_AUTO
2026-04-05 01:42:59,1775353379,BOOM500,5167.589,-1,0.014000000000123691,BACKFILL_AUTO
2026-04-05 01:43:00,1775353380,BOOM500,5167.583,-1,0.006000000000312866,BACKFILL_AUTO
2026-04-05 01:43:01,1775353381,BOOM500,5167.579,-1,0.0039999999999054126,BACKFILL_AUTO
2026-04-05 01:43:02,1775353382,BOOM500,5167.575,-1,0.0039999999999054126,BACKFILL_AUTO
2026-04-05 01:43:03,1775353383,BOOM500,5167.564,-1,0.01099999999951251,BACKFILL_AUTO
2026-04-05 01:43:04,1775353384,BOOM500,5167.547,-1,0.01700000000073487,BACKFILL_AUTO
2026-04-05 01:43:05,1775353385,BOOM500,5167.532,-1,0.014999999999417923,BACKFILL_AUTO
2026-04-05 01:43:06,1775353386,BOOM500,5167.511,-1,0.02099999999973079,BACKFILL_AUTO
2026-04-05 01:43:07,1775353387,BOOM500,5167.507,-1,0.004000000000814907,BACKFILL_AUTO
2026-04-05 01:43:08,1775353388,BOOM500,5167.486,-1,0.02099999999973079,BACKFILL_AUTO
2026-04-05 01:43:09,1775353389,BOOM500,5167.483,-1,0.0029999999997016857,BACKFILL_AUTO
2026-04-05 01:43:10,1775353390,BOOM500,5167.464,-1,0.01900000000023283,BACKFILL_AUTO
2026-04-05 01:43:11,1775353391,BOOM500,5167.454,-1,0.010000000000218279,BACKFILL_AUTO
2026-04-05 01:43:12,1775353392,BOOM500,5167.453,-1,0.0009999999992942321,BACKFILL_AUTO
2026-04-05 01:43:13,1775353393,BOOM500,5167.432,-1,0.021000000000640284,BACKFILL_AUTO
2026-04-05 01:43:14,1775353394,BOOM500,5167.432,0,0.0,BACKFILL_AUTO
2026-04-05 01:43:15,1775353395,BOOM500,5167.42,-1,0.011999999999716238,BACKFILL_AUTO
2026-04-05 01:43:16,1775353396,BOOM500,5167.413,-1,0.007000000000516593,BACKFILL_AUTO
2026-04-05 01:43:17,1775353397,BOOM500,5167.412,-1,0.0009999999992942321,BACKFILL_AUTO
2026-04-05 01:43:18,1775353398,BOOM500,5167.406,-1,0.006000000000312866,BACKFILL_AUTO
2026-04-05 01:43:19,1775353399,BOOM500,5167.399,-1,0.006999999999607098,BACKFILL_AUTO
2026-04-05 01:43:20,1775353400,BOOM500,5167.383,-1,0.016000000000531145,BACKFILL_AUTO
2026-04-05 01:43:21,1775353401,BOOM500,5167.373,-1,0.010000000000218279,BACKFILL_AUTO
2026-04-05 01:43:22,1775353402,BOOM500,5167.352,-1,0.02099999999973079,BACKFILL_AUTO
2026-04-05 01:43:23,1775353403,BOOM500,5167.345,-1,0.006999999999607098,BACKFILL_AUTO
2026-04-05 01:43:24,1775353404,BOOM500,5167.337,-1,0.007999999999810825,BACKFILL_AUTO
2026-04-05 01:43:25,1775353405,BOOM500,5167.331,-1,0.006000000000312866,BACKFILL_AUTO
2026-04-05 01:43:26,1775353406,BOOM500,5167.326,-1,0.005000000000109139,BACKFILL_AUTO
2026-04-05 01:43:27,1775353407,BOOM500,5167.307,-1,0.01900000000023283,BACKFILL_AUTO
2026-04-05 01:43:28,1775353408,BOOM500,5167.304,-1,0.0029999999997016857,BACKFILL_AUTO
2026-04-05 01:43:29,1775353409,BOOM500,5167.286,-1,0.018000000000029104,BACKFILL_AUTO
2026-04-05 01:43:30,1775353410,BOOM500,5167.271,-1,0.015000000000327418,BACKFILL_AUTO
2026-04-05 01:43:31,1775353411,BOOM500,5167.268,-1,0.0029999999997016857,BACKFILL_AUTO
2026-04-05 01:43:32,1775353412,BOOM500,5167.268,0,0.0,BACKFILL_AUTO
2026-04-05 01:43:33,1775353413,BOOM500,5167.261,-1,0.006999999999607098,BACKFILL_AUTO
2026-04-05 01:43:34,1775353414,BOOM500,5167.25,-1,0.011000000000422006,BACKFILL_AUTO
2026-04-05 01:43:35,1775353415,BOOM500,5167.241,-1,0.009000000000014552,BACKFILL_AUTO
2026-04-05 01:43:36,1775353416,BOOM500,5167.222,-1,0.01900000000023283,BACKFILL_AUTO
2026-04-05 01:43:37,1775353417,BOOM500,5167.196,-1,0.02599999999983993,BACKFILL_AUTO
2026-04-05 01:43:38,1775353418,BOOM500,5167.187,-1,0.009000000000014552,BACKFILL_AUTO
2026-04-05 01:43:39,1775353419,BOOM500,5167.18,-1,0.006999999999607098,BACKFILL_AUTO
2026-04-05 01:43:40,1775353420,BOOM500,5167.166,-1,0.014000000000123691,BACKFILL_AUTO
2026-04-05 01:43:41,1775353421,BOOM500,5167.157,-1,0.009000000000014552,BACKFILL_AUTO
2026-04-05 01:43:42,1775353422,BOOM500,5167.155,-1,0.0020000000004074536,BACKFILL_AUTO
2026-04-05 01:43:43,1775353423,BOOM500,5167.15,-1,0.005000000000109139,BACKFILL_AUTO
2026-04-05 01:43:44,1775353424,BOOM500,5167.142,-1,0.007999999999810825,BACKFILL_AUTO
2026-04-05 01:43:45,1775353425,BOOM500,5167.126,-1,0.01599999999962165,BACKFILL_AUTO
2026-04-05 01:43:46,1775353426,BOOM500,5167.114,-1,0.012000000000625732,BACKFILL_AUTO
2026-04-05 01:43:47,1775353427,BOOM500,5167.107,-1,0.006999999999607098,BACKFILL_AUTO
2026-04-05 01:43:48,1775353428,BOOM500,5167.105,-1,0.0020000000004074536,BACKFILL_AUTO
2026-04-05 01:43:49,1775353429,BOOM500,5167.093,-1,0.011999999999716238,BACKFILL_AUTO
2026-04-05 01:43:50,1775353430,BOOM500,5167.078,-1,0.014999999999417923,BACKFILL_AUTO
2026-04-05 01:43:51,1775353431,BOOM500,5167.068,-1,0.010000000000218279,BACKFILL_AUTO
2026-04-05 01:43:52,1775353432,BOOM500,5167.047,-1,0.021000000000640284,BACKFILL_AUTO
2026-04-05 01:43:53,1775353433,BOOM500,5167.043,-1,0.0039999999999054126,BACKFILL_AUTO
2026-04-05 01:43:54,1775353434,BOOM500,5167.035,-1,0.007999999999810825,BACKFILL_AUTO
2026-04-05 01:43:55,1775353435,BOOM500,5167.017,-1,0.018000000000029104,BACKFILL_AUTO
2026-04-05 01:43:56,1775353436,BOOM500,5167.015,-1,0.001999999999497959,BACKFILL_AUTO
2026-04-05 01:43:57,1775353437,BOOM500,5166.996,-1,0.01900000000023283,BACKFILL_AUTO
2026-04-05 01:43:58,1775353438,BOOM500,5166.991,-1,0.005000000000109139,BACKFILL_AUTO
2026-04-05 01:43:59,1775353439,BOOM500,5166.985,-1,0.006000000000312866,BACKFILL_AUTO
2026-04-05 01:44:00,1775353440,BOOM500,5166.983,-1,0.001999999999497959,BACKFILL_AUTO
2026-04-05 01:44:01,1775353441,BOOM500,5166.981,-1,0.0020000000004074536,BACKFILL_AUTO
2026-04-05 01:44:02,1775353442,BOOM500,5166.969,-1,0.011999999999716238,BACKFILL_AUTO
2026-04-05 01:44:03,1775353443,BOOM500,5166.95,-1,0.01900000000023283,BACKFILL_AUTO
2026-04-05 01:44:04,1775353444,BOOM500,5166.947,-1,0.0029999999997016857,BACKFILL_AUTO
2026-04-05 01:44:05,1775353445,BOOM500,5166.935,-1,0.011999999999716238,BACKFILL_AUTO
2026-04-05 01:44:06,1775353446,BOOM500,5166.929,-1,0.006000000000312866,BACKFILL_AUTO
2026-04-05 01:44:07,1775353447,BOOM500,5166.905,-1,0.02400000000034197,BACKFILL_AUTO
2026-04-05 01:44:08,1775353448,BOOM500,5166.901,-1,0.0039999999999054126,BACKFILL_AUTO
2026-04-05 01:44:09,1775353449,BOOM500,5170.536,1,3.6350000000002183,BACKFILL_AUTO
2026-04-05 01:44:10,1775353450,BOOM500,5170.535,-1,0.0010000000002037268,BACKFILL_AUTO
2026-04-05 01:44:11,1775353451,BOOM500,5170.529,-1,0.0059999999994033715,BACKFILL_AUTO
2026-04-05 01:44:12,1775353452,BOOM500,5170.516,-1,0.01300000000082946,BACKFILL_AUTO
2026-04-05 01:44:13,1775353453,BOOM500,5170.506,-1,0.009999999999308784,BACKFILL_AUTO
2026-04-05 01:44:14,1775353454,BOOM500,5170.488,-1,0.018000000000029104,BACKFILL_AUTO
2026-04-05 01:44:15,1775353455,BOOM500,5170.474,-1,0.014000000000123691,BACKFILL_AUTO
2026-04-05 01:44:16,1775353456,BOOM500,5170.462,-1,0.011999999999716238,BACKFILL_AUTO
2026-04-05 01:44:17,1775353457,BOOM500,5170.462,0,0.0,BACKFILL_AUTO
2026-04-05 01:44:18,1775353458,BOOM500,5170.442,-1,0.020000000000436557,BACKFILL_AUTO
2026-04-05 01:44:19,1775353459,BOOM500,5170.417,-1,0.024999999999636202,BACKFILL_AUTO
2026-04-05 01:44:20,1775353460,BOOM500,5170.402,-1,0.015000000000327418,BACKFILL_AUTO
2026-04-05 01:44:21,1775353461,BOOM500,5170.387,-1,0.015000000000327418,BACKFILL_AUTO
2026-04-05 01:44:22,1775353462,BOOM500,5170.371,-1,0.01599999999962165,BACKFILL_AUTO
2026-04-05 01:44:23,1775353463,BOOM500,5170.368,-1,0.0029999999997016857,BACKFILL_AUTO
2026-04-05 01:44:24,1775353464,BOOM500,5170.365,-1,0.0030000000006111804,BACKFILL_AUTO
2026-04-05 01:44:25,1775353465,BOOM500,5170.363,-1,0.001999999999497959,BACKFILL_AUTO
2026-04-05 01:44:26,1775353466,BOOM500,5170.349,-1,0.014000000000123691,BACKFILL_AUTO
2026-04-05 01:44:27,1775353467,BOOM500,5170.346,-1,0.0030000000006111804,BACKFILL_AUTO
2026-04-05 01:44:28,1775353468,BOOM500,5170.337,-1,0.008999999999105057,BACKFILL_AUTO
2026-04-05 01:44:29,1775353469,BOOM500,5170.323,-1,0.014000000000123691,BACKFILL_AUTO
2026-04-05 01:44:30,1775353470,BOOM500,5170.313,-1,0.010000000000218279,BACKFILL_AUTO
2026-04-05 01:44:31,1775353471,BOOM500,5170.298,-1,0.015000000000327418,BACKFILL_AUTO
2026-04-05 01:44:32,1775353472,BOOM500,5170.277,-1,0.02099999999973079,BACKFILL_AUTO
2026-04-05 01:44:33,1775353473,BOOM500,5170.267,-1,0.010000000000218279,BACKFILL_AUTO
2026-04-05 01:44:34,1775353474,BOOM500,5170.257,-1,0.010000000000218279,BACKFILL_AUTO
2026-04-05 01:44:35,1775353475,BOOM500,5170.239,-1,0.018000000000029104,BACKFILL_AUTO
2026-04-05 01:44:36,1775353476,BOOM500,5170.224,-1,0.014999999999417923,BACKFILL_AUTO
2026-04-05 01:44:37,1775353477,BOOM500,5170.223,-1,0.0010000000002037268,BACKFILL_AUTO
2026-04-05 01:44:38,1775353478,BOOM500,5170.221,-1,0.0020000000004074536,BACKFILL_AUTO
2026-04-05 01:44:39,1775353479,BOOM500,5170.203,-1,0.01799999999911961,BACKFILL_AUTO
2026-04-05 01:44:40,1775353480,BOOM500,5170.196,-1,0.007000000000516593,BACKFILL_AUTO
2026-04-05 01:44:41,1775353481,BOOM500,5170.183,-1,0.012999999999919964,BACKFILL_AUTO
2026-04-05 01:44:42,1775353482,BOOM500,5170.178,-1,0.005000000000109139,BACKFILL_AUTO
2026-04-05 01:44:43,1775353483,BOOM500,5170.166,-1,0.011999999999716238,BACKFILL_AUTO
2026-04-05 01:44:44,1775353484,BOOM500,5170.161,-1,0.005000000000109139,BACKFILL_AUTO
2026-04-05 01:44:45,1775353485,BOOM500,5170.15,-1,0.011000000000422006,BACKFILL_AUTO
2026-04-05 01:44:46,1775353486,BOOM500,5170.149,-1,0.0009999999992942321,BACKFILL_AUTO
2026-04-05 01:44:47,1775353487,BOOM500,5170.145,-1,0.0039999999999054126,BACKFILL_AUTO
2026-04-05 01:44:48,1775353488,BOOM500,5170.134,-1,0.011000000000422006,BACKFILL_AUTO
2026-04-05 01:44:49,1775353489,BOOM500,5170.131,-1,0.0029999999997016857,BACKFILL_AUTO
2026-04-05 01:44:50,1775353490,BOOM500,5170.125,-1,0.006000000000312866,BACKFILL_AUTO
2026-04-05 01:44:51,1775353491,BOOM500,5170.102,-1,0.023000000000138243,BACKFILL_AUTO
2026-04-05 01:44:52,1775353492,BOOM500,5170.092,-1,0.010000000000218279,BACKFILL_AUTO
2026-04-05 01:44:53,1775353493,BOOM500,5170.089,-1,0.0029999999997016857,BACKFILL_AUTO
2026-04-05 01:44:54,1775353494,BOOM500,5170.075,-1,0.014000000000123691,BACKFILL_AUTO
2026-04-05 01:44:55,1775353495,BOOM500,5170.067,-1,0.007999999999810825,BACKFILL_AUTO
2026-04-05 01:44:56,1775353496,BOOM500,5170.055,-1,0.011999999999716238,BACKFILL_AUTO
2026-04-05 01:44:57,1775353497,BOOM500,5170.046,-1,0.009000000000014552,BACKFILL_AUTO
2026-04-05 01:44:58,1775353498,BOOM500,5170.028,-1,0.018000000000029104,BACKFILL_AUTO
2026-04-05 01:44:59,1775353499,BOOM500,5170.01,-1,0.018000000000029104,BACKFILL_AUTO
2026-04-05 01:45:00,1775353500,BOOM500,5169.996,-1,0.014000000000123691,BACKFILL_AUTO
2026-04-05 01:45:01,1775353501,BOOM500,5169.973,-1,0.023000000000138243,BACKFILL_AUTO
2026-04-05 01:45:02,1775353502,BOOM500,5169.971,-1,0.0020000000004074536,BACKFILL_AUTO
2026-04-05 01:45:03,1775353503,BOOM500,5169.96,-1,0.01099999999951251,BACKFILL_AUTO
2026-04-05 01:45:04,1775353504,BOOM500,5169.954,-1,0.006000000000312866,BACKFILL_AUTO
2026-04-05 01:45:05,1775353505,BOOM500,5169.944,-1,0.009999999999308784,BACKFILL_AUTO
2026-04-05 01:45:06,1775353506,BOOM500,5169.929,-1,0.015000000000327418,BACKFILL_AUTO
2026-04-05 01:45:07,1775353507,BOOM500,5169.923,-1,0.006000000000312866,BACKFILL_AUTO
2026-04-05 01:45:08,1775353508,BOOM500,5169.922,-1,0.0010000000002037268,BACKFILL_AUTO
2026-04-05 01:45:09,1775353509,BOOM500,5169.919,-1,0.0029999999997016857,BACKFILL_AUTO
2026-04-05 01:45:10,1775353510,BOOM500,5169.919,0,0.0,BACKFILL_AUTO
2026-04-05 01:45:11,1775353511,BOOM500,5169.903,-1,0.01599999999962165,BACKFILL_AUTO
2026-04-05 01:45:12,1775353512,BOOM500,5169.9,-1,0.0030000000006111804,BACKFILL_AUTO
2026-04-05 01:45:13,1775353513,BOOM500,5169.893,-1,0.006999999999607098,BACKFILL_AUTO
2026-04-05 01:45:14,1775353514,BOOM500,5169.876,-1,0.016999999999825377,BACKFILL_AUTO
2026-04-05 01:45:15,1775353515,BOOM500,5169.87,-1,0.006000000000312866,BACKFILL_AUTO
2026-04-05 01:45:16,1775353516,BOOM500,5169.865,-1,0.005000000000109139,BACKFILL_AUTO
2026-04-05 01:45:17,1775353517,BOOM500,5169.862,-1,0.0029999999997016857,BACKFILL_AUTO
2026-04-05 01:45:18,1775353518,BOOM500,5169.853,-1,0.009000000000014552,BACKFILL_AUTO
2026-04-05 01:45:19,1775353519,BOOM500,5169.851,-1,0.0020000000004074536,BACKFILL_AUTO
2026-04-05 01:45:20,1775353520,BOOM500,5169.851,0,0.0,BACKFILL_AUTO
2026-04-05 01:45:21,1775353521,BOOM500,5169.847,-1,0.0039999999999054126,BACKFILL_AUTO
2026-04-05 01:45:22,1775353522,BOOM500,5169.84,-1,0.006999999999607098,BACKFILL_AUTO
2026-04-05 01:45:23,1775353523,BOOM500,5169.821,-1,0.01900000000023283,BACKFILL_AUTO
2026-04-05 01:45:24,1775353524,BOOM500,5169.817,-1,0.0039999999999054126,BACKFILL_AUTO
2026-04-05 01:45:25,1775353525,BOOM500,5169.8,-1,0.016999999999825377,BACKFILL_AUTO
2026-04-05 01:45:26,1775353526,BOOM500,5169.783,-1,0.016999999999825377,BACKFILL_AUTO
2026-04-05 01:45:27,1775353527,BOOM500,5169.783,0,0.0,BACKFILL_AUTO
2026-04-05 01:45:28,1775353528,BOOM500,5169.765,-1,0.018000000000029104,BACKFILL_AUTO
2026-04-05 01:45:29,1775353529,BOOM500,5169.763,-1,0.0020000000004074536,BACKFILL_AUTO
2026-04-05 01:45:30,1775353530,BOOM500,5169.743,-1,0.019999999999527063,BACKFILL_AUTO
2026-04-05 01:45:31,1775353531,BOOM500,5169.742,-1,0.0010000000002037268,BACKFILL_AUTO
2026-04-05 01:45:32,1775353532,BOOM500,5169.73,-1,0.012000000000625732,BACKFILL_AUTO
2026-04-05 01:45:33,1775353533,BOOM500,5169.716,-1,0.013999999999214197,BACKFILL_AUTO
2026-04-05 01:45:34,1775353534,BOOM500,5169.709,-1,0.007000000000516593,BACKFILL_AUTO
2026-04-05 01:45:35,1775353535,BOOM500,5169.701,-1,0.007999999999810825,BACKFILL_AUTO
2026-04-05 01:45:36,1775353536,BOOM500,5169.693,-1,0.007999999999810825,BACKFILL_AUTO
2026-04-05 01:45:37,1775353537,BOOM500,5169.693,0,0.0,BACKFILL_AUTO
2026-04-05 01:45:38,1775353538,BOOM500,5169.685,-1,0.007999999999810825,BACKFILL_AUTO
2026-04-05 01:45:39,1775353539,BOOM500,5169.671,-1,0.014000000000123691,BACKFILL_AUTO
2026-04-05 01:45:40,1775353540,BOOM500,5169.657,-1,0.014000000000123691,BACKFILL_AUTO
2026-04-05 01:45:41,1775353541,BOOM500,5169.654,-1,0.0029999999997016857,BACKFILL_AUTO
2026-04-05 01:45:42,1775353542,BOOM500,5169.649,-1,0.005000000000109139,BACKFILL_AUTO
2026-04-05 01:45:43,1775353543,BOOM500,5169.638,-1,0.011000000000422006,BACKFILL_AUTO
2026-04-05 01:45:44,1775353544,BOOM500,5169.637,-1,0.0010000000002037268,BACKFILL_AUTO
2026-04-05 01:45:45,1775353545,BOOM500,5169.633,-1,0.0039999999999054126,BACKFILL_AUTO
2026-04-05 01:45:46,1775353546,BOOM500,5169.626,-1,0.006999999999607098,BACKFILL_AUTO
2026-04-05 01:45:47,1775353547,BOOM500,5169.622,-1,0.0039999999999054126,BACKFILL_AUTO
2026-04-05 01:45:48,1775353548,BOOM500,5169.613,-1,0.009000000000014552,BACKFILL_AUTO
2026-04-05 01:45:49,1775353549,BOOM500,5169.601,-1,0.012000000000625732,BACKFILL_AUTO
2026-04-05 01:45:50,1775353550,BOOM500,5169.586,-1,0.014999999999417923,BACKFILL_AUTO
2026-04-05 01:45:51,1775353551,BOOM500,5169.554,-1,0.032000000000152795,BACKFILL_AUTO
2026-04-05 01:45:52,1775353552,BOOM500,5169.553,-1,0.0010000000002037268,BACKFILL_AUTO
2026-04-05 01:45:53,1775353553,BOOM500,5169.547,-1,0.006000000000312866,BACKFILL_AUTO
2026-04-05 01:45:54,1775353554,BOOM500,5169.544,-1,0.0029999999997016857,BACKFILL_AUTO
2026-04-05 01:45:55,1775353555,BOOM500,5169.538,-1,0.006000000000312866,BACKFILL_AUTO
2026-04-05 01:45:56,1775353556,BOOM500,5169.533,-1,0.004999999999199645,BACKFILL_AUTO
2026-04-05 01:45:57,1775353557,BOOM500,5169.533,0,0.0,BACKFILL_AUTO
2026-04-05 01:45:58,1775353558,BOOM500,5169.532,-1,0.0010000000002037268,BACKFILL_AUTO
2026-04-05 01:45:59,1775353559,BOOM500,5169.517,-1,0.015000000000327418,BACKFILL_AUTO
2026-04-05 01:46:00,1775353560,BOOM500,5169.505,-1,0.011999999999716238,BACKFILL_AUTO
2026-04-05 01:46:01,1775353561,BOOM500,5169.48,-1,0.025000000000545697,BACKFILL_AUTO
2026-04-05 01:46:02,1775353562,BOOM500,5169.46,-1,0.019999999999527063,BACKFILL_AUTO
2026-04-05 01:46:03,1775353563,BOOM500,5169.452,-1,0.007999999999810825,BACKFILL_AUTO
2026-04-05 01:46:04,1775353564,BOOM500,5169.45,-1,0.0020000000004074536,BACKFILL_AUTO
2026-04-05 01:46:05,1775353565,BOOM500,5169.438,-1,0.011999999999716238,BACKFILL_AUTO
2026-04-05 01:46:06,1775353566,BOOM500,5169.436,-1,0.0020000000004074536,BACKFILL_AUTO
2026-04-05 01:46:07,1775353567,BOOM500,5169.413,-1,0.023000000000138243,BACKFILL_AUTO
2026-04-05 01:46:08,1775353568,BOOM500,5169.4,-1,0.012999999999919964,BACKFILL_AUTO
2026-04-05 01:46:09,1775353569,BOOM500,5169.393,-1,0.006999999999607098,BACKFILL_AUTO
2026-04-05 01:46:10,1775353570,BOOM500,5169.392,-1,0.0010000000002037268,BACKFILL_AUTO
2026-04-05 01:46:11,1775353571,BOOM500,5169.383,-1,0.009000000000014552,BACKFILL_AUTO
2026-04-05 01:46:12,1775353572,BOOM500,5169.376,-1,0.006999999999607098,BACKFILL_AUTO
2026-04-05 01:46:13,1775353573,BOOM500,5169.367,-1,0.009000000000014552,BACKFILL_AUTO
2026-04-05 01:46:14,1775353574,BOOM500,5169.345,-1,0.021999999999934516,BACKFILL_AUTO
2026-04-05 01:46:15,1775353575,BOOM500,5169.334,-1,0.011000000000422006,BACKFILL_AUTO
2026-04-05 01:46:16,1775353576,BOOM500,5169.295,-1,0.03899999999975989,BACKFILL_AUTO
2026-04-05 01:46:17,1775353577,BOOM500,5169.292,-1,0.0029999999997016857,BACKFILL_AUTO
2026-04-05 01:46:18,1775353578,BOOM500,5169.27,-1,0.021999999999934516,BACKFILL_AUTO
2026-04-05 01:46:19,1775353579,BOOM500,5169.259,-1,0.011000000000422006,BACKFILL_AUTO
2026-04-05 01:46:20,1775353580,BOOM500,5169.258,-1,0.0010000000002037268,BACKFILL_AUTO
2026-04-05 01:46:21,1775353581,BOOM500,5169.254,-1,0.0039999999999054126,BACKFILL_AUTO
2026-04-05 01:46:22,1775353582,BOOM500,5169.239,-1,0.015000000000327418,BACKFILL_AUTO
2026-04-05 01:46:23,1775353583,BOOM500,5169.227,-1,0.011999999999716238,BACKFILL_AUTO
2026-04-05 01:46:24,1775353584,BOOM500,5169.214,-1,0.012999999999919964,BACKFILL_AUTO
2026-04-05 01:46:25,1775353585,BOOM500,5169.211,-1,0.0029999999997016857,BACKFILL_AUTO
2026-04-05 01:46:26,1775353586,BOOM500,5169.203,-1,0.007999999999810825,BACKFILL_AUTO
2026-04-05 01:46:27,1775353587,BOOM500,5169.193,-1,0.010000000000218279,BACKFILL_AUTO
2026-04-05 01:46:28,1775353588,BOOM500,5169.181,-1,0.012000000000625732,BACKFILL_AUTO
2026-04-05 01:46:29,1775353589,BOOM500,5169.169,-1,0.011999999999716238,BACKFILL_AUTO
2026-04-05 01:46:30,1775353590,BOOM500,5169.153,-1,0.01599999999962165,BACKFILL_AUTO
2026-04-05 01:46:31,1775353591,BOOM500,5169.138,-1,0.015000000000327418,BACKFILL_AUTO
2026-04-05 01:46:32,1775353592,BOOM500,5169.126,-1,0.011999999999716238,BACKFILL_AUTO
2026-04-05 01:46:33,1775353593,BOOM500,5169.115,-1,0.011000000000422006,BACKFILL_AUTO
2026-04-05 01:46:34,1775353594,BOOM500,5169.112,-1,0.0029999999997016857,BACKFILL_AUTO
2026-04-05 01:46:35,1775353595,BOOM500,5169.1,-1,0.011999999999716238,BACKFILL_AUTO
2026-04-05 01:46:36,1775353596,BOOM500,5169.087,-1,0.012999999999919964,BACKFILL_AUTO
2026-04-05 01:46:37,1775353597,BOOM500,5169.079,-1,0.00800000000072032,BACKFILL_AUTO
2026-04-05 01:46:38,1775353598,BOOM500,5169.075,-1,0.0039999999999054126,BACKFILL_AUTO
2026-04-05 01:46:39,1775353599,BOOM500,5169.067,-1,0.007999999999810825,BACKFILL_AUTO
2026-04-05 01:46:40,1775353600,BOOM500,5169.056,-1,0.011000000000422006,BACKFILL_AUTO
2026-04-05 01:46:41,1775353601,BOOM500,5169.056,0,0.0,BACKFILL_AUTO
2026-04-05 01:46:42,1775353602,BOOM500,5169.052,-1,0.0039999999999054126,BACKFILL_AUTO
2026-04-05 01:46:43,1775353603,BOOM500,5169.051,-1,0.0009999999992942321,BACKFILL_AUTO
2026-04-05 01:46:44,1775353604,BOOM500,5169.025,-1,0.026000000000749424,BACKFILL_AUTO
2026-04-05 01:46:45,1775353605,BOOM500,5169.02,-1,0.004999999999199645,BACKFILL_AUTO
2026-04-05 01:46:46,1775353606,BOOM500,5168.999,-1,0.021000000000640284,BACKFILL_AUTO
2026-04-05 01:46:47,1775353607,BOOM500,5168.98,-1,0.01900000000023283,BACKFILL_AUTO
2026-04-05 01:46:48,1775353608,BOOM500,5168.971,-1,0.009000000000014552,BACKFILL_AUTO
2026-04-05 01:46:49,1775353609,BOOM500,5168.951,-1,0.019999999999527063,BACKFILL_AUTO
2026-04-05 01:46:50,1775353610,BOOM500,5168.935,-1,0.01599999999962165,BACKFILL_AUTO
2026-04-05 01:46:51,1775353611,BOOM500,5168.925,-1,0.010000000000218279,BACKFILL_AUTO
2026-04-05 01:46:52,1775353612,BOOM500,5168.913,-1,0.012000000000625732,BACKFILL_AUTO
2026-04-05 01:46:53,1775353613,BOOM500,5168.903,-1,0.009999999999308784,BACKFILL_AUTO
2026-04-05 01:46:54,1775353614,BOOM500,5168.889,-1,0.014000000000123691,BACKFILL_AUTO
2026-04-05 01:46:55,1775353615,BOOM500,5168.878,-1,0.011000000000422006,BACKFILL_AUTO
2026-04-05 01:46:56,1775353616,BOOM500,5168.871,-1,0.006999999999607098,BACKFILL_AUTO
2026-04-05 01:46:57,1775353617,BOOM500,5168.871,0,0.0,BACKFILL_AUTO
2026-04-05 01:46:58,1775353618,BOOM500,5168.858,-1,0.012999999999919964,BACKFILL_AUTO
2026-04-05 01:46:59,1775353619,BOOM500,5168.835,-1,0.023000000000138243,BACKFILL_AUTO
2026-04-05 01:47:00,1775353620,BOOM500,5168.814,-1,0.02099999999973079,BACKFILL_AUTO
2026-04-05 01:47:01,1775353621,BOOM500,5168.805,-1,0.009000000000014552,BACKFILL_AUTO
2026-04-05 01:47:02,1775353622,BOOM500,5168.796,-1,0.009000000000014552,BACKFILL_AUTO
2026-04-05 01:47:03,1775353623,BOOM500,5168.784,-1,0.012000000000625732,BACKFILL_AUTO
2026-04-05 01:47:04,1775353624,BOOM500,5168.783,-1,0.0009999999992942321,BACKFILL_AUTO
2026-04-05 01:47:05,1775353625,BOOM500,5168.783,0,0.0,BACKFILL_AUTO
2026-04-05 01:47:06,1775353626,BOOM500,5168.77,-1,0.012999999999919964,BACKFILL_AUTO
2026-04-05 01:47:07,1775353627,BOOM500,5168.764,-1,0.006000000000312866,BACKFILL_AUTO
2026-04-05 01:47:08,1775353628,BOOM500,5168.749,-1,0.015000000000327418,BACKFILL_AUTO
2026-04-05 01:47:09,1775353629,BOOM500,5168.73,-1,0.01900000000023283,BACKFILL_AUTO
2026-04-05 01:47:10,1775353630,BOOM500,5168.717,-1,0.012999999999919964,BACKFILL_AUTO
2026-04-05 01:47:11,1775353631,BOOM500,5168.707,-1,0.009999999999308784,BACKFILL_AUTO
2026-04-05 01:47:12,1775353632,BOOM500,5168.696,-1,0.011000000000422006,BACKFILL_AUTO
2026-04-05 01:47:13,1775353633,BOOM500,5168.69,-1,0.006000000000312866,BACKFILL_AUTO
2026-04-05 01:47:14,1775353634,BOOM500,5168.686,-1,0.0039999999999054126,BACKFILL_AUTO
2026-04-05 01:47:15,1775353635,BOOM500,5168.685,-1,0.0009999999992942321,BACKFILL_AUTO
2026-04-05 01:47:16,1775353636,BOOM500,5168.685,0,0.0,BACKFILL_AUTO
2026-04-05 01:47:17,1775353637,BOOM500,5168.675,-1,0.010000000000218279,BACKFILL_AUTO
2026-04-05 01:47:18,1775353638,BOOM500,5168.668,-1,0.007000000000516593,BACKFILL_AUTO
2026-04-05 01:47:19,1775353639,BOOM500,5168.648,-1,0.019999999999527063,BACKFILL_AUTO
2026-04-05 01:47:20,1775353640,BOOM500,5168.648,0,0.0,BACKFILL_AUTO
2026-04-05 01:47:21,1775353641,BOOM500,5168.646,-1,0.0020000000004074536,BACKFILL_AUTO
2026-04-05 01:47:22,1775353642,BOOM500,5168.633,-1,0.012999999999919964,BACKFILL_AUTO
2026-04-05 01:47:23,1775353643,BOOM500,5168.629,-1,0.0039999999999054126,BACKFILL_AUTO
2026-04-05 01:47:24,1775353644,BOOM500,5168.619,-1,0.010000000000218279,BACKFILL_AUTO
2026-04-05 01:47:25,1775353645,BOOM500,5168.608,-1,0.01099999999951251,BACKFILL_AUTO
2026-04-05 01:47:26,1775353646,BOOM500,5168.602,-1,0.006000000000312866,BACKFILL_AUTO
2026-04-05 01:47:27,1775353647,BOOM500,5168.599,-1,0.0029999999997016857,BACKFILL_AUTO
2026-04-05 01:47:28,1775353648,BOOM500,5168.59,-1,0.009000000000014552,BACKFILL_AUTO
2026-04-05 01:47:29,1775353649,BOOM500,5168.577,-1,0.012999999999919964,BACKFILL_AUTO
2026-04-05 01:47:30,1775353650,BOOM500,5168.561,-1,0.016000000000531145,BACKFILL_AUTO
2026-04-05 01:47:31,1775353651,BOOM500,5168.552,-1,0.009000000000014552,BACKFILL_AUTO
2026-04-05 01:47:32,1775353652,BOOM500,5168.535,-1,0.016999999999825377,BACKFILL_AUTO
2026-04-05 01:47:33,1775353653,BOOM500,5168.527,-1,0.007999999999810825,BACKFILL_AUTO
2026-04-05 01:47:34,1775353654,BOOM500,5168.524,-1,0.0029999999997016857,BACKFILL_AUTO
2026-04-05 01:47:35,1775353655,BOOM500,5168.513,-1,0.011000000000422006,BACKFILL_AUTO
2026-04-05 01:47:36,1775353656,BOOM500,5168.512,-1,0.0010000000002037268,BACKFILL_AUTO
2026-04-05 01:47:37,1775353657,BOOM500,5168.508,-1,0.0039999999999054126,BACKFILL_AUTO
2026-04-05 01:47:38,1775353658,BOOM500,5168.502,-1,0.0059999999994033715,BACKFILL_AUTO
2026-04-05 01:47:39,1775353659,BOOM500,5168.488,-1,0.014000000000123691,BACKFILL_AUTO
2026-04-05 01:47:40,1775353660,BOOM500,5168.484,-1,0.0039999999999054126,BACKFILL_AUTO
2026-04-05 01:47:41,1775353661,BOOM500,5168.476,-1,0.00800000000072032,BACKFILL_AUTO
2026-04-05 01:47:42,1775353662,BOOM500,5168.462,-1,0.013999999999214197,BACKFILL_AUTO
2026-04-05 01:47:43,1775353663,BOOM500,5168.458,-1,0.004000000000814907,BACKFILL_AUTO
2026-04-05 01:47:44,1775353664,BOOM500,5168.455,-1,0.0029999999997016857,BACKFILL_AUTO
2026-04-05 01:47:45,1775353665,BOOM500,5168.448,-1,0.006999999999607098,BACKFILL_AUTO
2026-04-05 01:47:46,1775353666,BOOM500,5168.438,-1,0.010000000000218279,BACKFILL_AUTO
2026-04-05 01:47:47,1775353667,BOOM500,5168.438,0,0.0,BACKFILL_AUTO
2026-04-05 01:47:48,1775353668,BOOM500,5168.429,-1,0.009000000000014552,BACKFILL_AUTO
2026-04-05 01:47:49,1775353669,BOOM500,5168.425,-1,0.0039999999999054126,BACKFILL_AUTO
2026-04-05 01:47:50,1775353670,BOOM500,5168.423,-1,0.0020000000004074536,BACKFILL_AUTO
2026-04-05 01:47:51,1775353671,BOOM500,5168.421,-1,0.001999999999497959,BACKFILL_AUTO
2026-04-05 01:47:52,1775353672,BOOM500,5168.412,-1,0.009000000000014552,BACKFILL_AUTO
2026-04-05 01:47:53,1775353673,BOOM500,5168.391,-1,0.021000000000640284,BACKFILL_AUTO
2026-04-05 01:47:54,1775353674,BOOM500,5168.378,-1,0.012999999999919964,BACKFILL_AUTO
2026-04-05 01:47:55,1775353675,BOOM500,5168.36,-1,0.018000000000029104,BACKFILL_AUTO
2026-04-05 01:47:56,1775353676,BOOM500,5168.356,-1,0.0039999999999054126,BACKFILL_AUTO
2026-04-05 01:47:57,1775353677,BOOM500,5168.33,-1,0.02599999999983993,BACKFILL_AUTO
2026-04-05 01:47:58,1775353678,BOOM500,5168.309,-1,0.02099999999973079,BACKFILL_AUTO
2026-04-05 01:47:59,1775353679,BOOM500,5168.29,-1,0.01900000000023283,BACKFILL_AUTO
2026-04-05 01:48:00,1775353680,BOOM500,5168.289,-1,0.0010000000002037268,BACKFILL_AUTO
2026-04-05 01:48:01,1775353681,BOOM500,5168.28,-1,0.009000000000014552,BACKFILL_AUTO
2026-04-05 01:48:02,1775353682,BOOM500,5168.262,-1,0.018000000000029104,BACKFILL_AUTO
2026-04-05 01:48:03,1775353683,BOOM500,5168.254,-1,0.007999999999810825,BACKFILL_AUTO
2026-04-05 01:48:04,1775353684,BOOM500,5168.249,-1,0.005000000000109139,BACKFILL_AUTO
2026-04-05 01:48:05,1775353685,BOOM500,5168.232,-1,0.016999999999825377,BACKFILL_AUTO
2026-04-05 01:48:06,1775353686,BOOM500,5168.22,-1,0.011999999999716238,BACKFILL_AUTO
2026-04-05 01:48:07,1775353687,BOOM500,5168.217,-1,0.0030000000006111804,BACKFILL_AUTO
2026-04-05 01:48:08,1775353688,BOOM500,5168.215,-1,0.001999999999497959,BACKFILL_AUTO
2026-04-05 01:48:09,1775353689,BOOM500,5168.206,-1,0.009000000000014552,BACKFILL_AUTO
2026-04-05 01:48:10,1775353690,BOOM500,5168.189,-1,0.016999999999825377,BACKFILL_AUTO
2026-04-05 01:48:11,1775353691,BOOM500,5168.189,0,0.0,BACKFILL_AUTO
