timestamp,unix_time,instrument,price,direction,tick_size,session_id
2026-04-05 02:53:28,1775357608,BOOM900,8951.936,0,,BACKFILL_AUTO
2026-04-05 02:53:29,1775357609,BOOM900,8951.919,-1,0.016999999999825377,BACKFILL_AUTO
2026-04-05 02:53:30,1775357610,BOOM900,8951.913,-1,0.0059999999994033715,BACKFILL_AUTO
2026-04-05 02:53:31,1775357611,BOOM900,8951.899,-1,0.014000000001033186,BACKFILL_AUTO
2026-04-05 02:53:32,1775357612,BOOM900,8951.894,-1,0.004999999999199645,BACKFILL_AUTO
2026-04-05 02:53:33,1775357613,BOOM900,8951.889,-1,0.005000000001018634,BACKFILL_AUTO
2026-04-05 02:53:34,1775357614,BOOM900,8951.887,-1,0.0019999999985884642,BACKFILL_AUTO
2026-04-05 02:53:35,1775357615,BOOM900,8951.875,-1,0.012000000000625732,BACKFILL_AUTO
2026-04-05 02:53:36,1775357616,BOOM900,8951.849,-1,0.02599999999983993,BACKFILL_AUTO
2026-04-05 02:53:37,1775357617,BOOM900,8951.828,-1,0.021000000000640284,BACKFILL_AUTO
2026-04-05 02:53:38,1775357618,BOOM900,8951.818,-1,0.010000000000218279,BACKFILL_AUTO
2026-04-05 02:53:39,1775357619,BOOM900,8951.798,-1,0.019999999998617568,BACKFILL_AUTO
2026-04-05 02:53:40,1775357620,BOOM900,8951.788,-1,0.010000000000218279,BACKFILL_AUTO
2026-04-05 02:53:41,1775357621,BOOM900,8951.771,-1,0.016999999999825377,BACKFILL_AUTO
2026-04-05 02:53:42,1775357622,BOOM900,8951.767,-1,0.004000000000814907,BACKFILL_AUTO
2026-04-05 02:53:43,1775357623,BOOM900,8951.761,-1,0.0059999999994033715,BACKFILL_AUTO
2026-04-05 02:53:44,1775357624,BOOM900,8951.741,-1,0.020000000000436557,BACKFILL_AUTO
2026-04-05 02:53:45,1775357625,BOOM900,8951.738,-1,0.0030000000006111804,BACKFILL_AUTO
2026-04-05 02:53:46,1775357626,BOOM900,8951.724,-1,0.013999999999214197,BACKFILL_AUTO
2026-04-05 02:53:47,1775357627,BOOM900,8951.713,-1,0.011000000000422006,BACKFILL_AUTO
2026-04-05 02:53:48,1775357628,BOOM900,8951.694,-1,0.01900000000023283,BACKFILL_AUTO
2026-04-05 02:53:49,1775357629,BOOM900,8951.687,-1,0.006999999999607098,BACKFILL_AUTO
2026-04-05 02:53:50,1775357630,BOOM900,8951.684,-1,0.0030000000006111804,BACKFILL_AUTO
2026-04-05 02:53:51,1775357631,BOOM900,8951.674,-1,0.00999999999839929,BACKFILL_AUTO
2026-04-05 02:53:52,1775357632,BOOM900,8951.671,-1,0.0030000000006111804,BACKFILL_AUTO
2026-04-05 02:53:53,1775357633,BOOM900,8951.665,-1,0.0059999999994033715,BACKFILL_AUTO
2026-04-05 02:53:54,1775357634,BOOM900,8951.66,-1,0.005000000001018634,BACKFILL_AUTO
2026-04-05 02:53:55,1775357635,BOOM900,8951.653,-1,0.006999999999607098,BACKFILL_AUTO
2026-04-05 02:53:56,1775357636,BOOM900,8951.636,-1,0.016999999999825377,BACKFILL_AUTO
2026-04-05 02:53:57,1775357637,BOOM900,8951.625,-1,0.011000000000422006,BACKFILL_AUTO
2026-04-05 02:53:58,1775357638,BOOM900,8951.609,-1,0.01599999999962165,BACKFILL_AUTO
2026-04-05 02:53:59,1775357639,BOOM900,8951.601,-1,0.007999999999810825,BACKFILL_AUTO
2026-04-05 02:54:00,1775357640,BOOM900,8951.599,-1,0.0020000000004074536,BACKFILL_AUTO
2026-04-05 02:54:01,1775357641,BOOM900,8951.591,-1,0.007999999999810825,BACKFILL_AUTO
2026-04-05 02:54:02,1775357642,BOOM900,8951.572,-1,0.01900000000023283,BACKFILL_AUTO
2026-04-05 02:54:03,1775357643,BOOM900,8951.562,-1,0.010000000000218279,BACKFILL_AUTO
2026-04-05 02:54:04,1775357644,BOOM900,8951.55,-1,0.012000000000625732,BACKFILL_AUTO
2026-04-05 02:54:05,1775357645,BOOM900,8951.541,-1,0.009000000000014552,BACKFILL_AUTO
2026-04-05 02:54:06,1775357646,BOOM900,8951.521,-1,0.019999999998617568,BACKFILL_AUTO
2026-04-05 02:54:07,1775357647,BOOM900,8951.515,-1,0.006000000001222361,BACKFILL_AUTO
2026-04-05 02:54:08,1775357648,BOOM900,8951.485,-1,0.029999999998835847,BACKFILL_AUTO
2026-04-05 02:54:09,1775357649,BOOM900,8951.477,-1,0.007999999999810825,BACKFILL_AUTO
2026-04-05 02:54:10,1775357650,BOOM900,8951.466,-1,0.011000000000422006,BACKFILL_AUTO
2026-04-05 02:54:11,1775357651,BOOM900,8951.455,-1,0.011000000000422006,BACKFILL_AUTO
2026-04-05 02:54:12,1775357652,BOOM900,8951.442,-1,0.01300000000082946,BACKFILL_AUTO
2026-04-05 02:54:13,1775357653,BOOM900,8951.436,-1,0.0059999999994033715,BACKFILL_AUTO
2026-04-05 02:54:14,1775357654,BOOM900,8951.421,-1,0.014999999999417923,BACKFILL_AUTO
2026-04-05 02:54:15,1775357655,BOOM900,8951.417,-1,0.004000000000814907,BACKFILL_AUTO
2026-04-05 02:54:16,1775357656,BOOM900,8951.407,-1,0.010000000000218279,BACKFILL_AUTO
2026-04-05 02:54:17,1775357657,BOOM900,8951.384,-1,0.02299999999922875,BACKFILL_AUTO
2026-04-05 02:54:18,1775357658,BOOM900,8951.362,-1,0.02200000000084401,BACKFILL_AUTO
2026-04-05 02:54:19,1775357659,BOOM900,8951.362,0,0.0,BACKFILL_AUTO
2026-04-05 02:54:20,1775357660,BOOM900,8951.361,-1,0.0009999999983847374,BACKFILL_AUTO
2026-04-05 02:54:21,1775357661,BOOM900,8951.347,-1,0.014000000001033186,BACKFILL_AUTO
2026-04-05 02:54:22,1775357662,BOOM900,8951.33,-1,0.016999999999825377,BACKFILL_AUTO
2026-04-05 02:54:23,1775357663,BOOM900,8951.315,-1,0.014999999999417923,BACKFILL_AUTO
2026-04-05 02:54:24,1775357664,BOOM900,8951.284,-1,0.031000000000858563,BACKFILL_AUTO
2026-04-05 02:54:25,1775357665,BOOM900,8951.277,-1,0.006999999999607098,BACKFILL_AUTO
2026-04-05 02:54:26,1775357666,BOOM900,8951.261,-1,0.01599999999962165,BACKFILL_AUTO
2026-04-05 02:54:27,1775357667,BOOM900,8951.249,-1,0.012000000000625732,BACKFILL_AUTO
2026-04-05 02:54:28,1775357668,BOOM900,8951.245,-1,0.003999999998995918,BACKFILL_AUTO
2026-04-05 02:54:29,1775357669,BOOM900,8951.224,-1,0.021000000000640284,BACKFILL_AUTO
2026-04-05 02:54:30,1775357670,BOOM900,8951.217,-1,0.006999999999607098,BACKFILL_AUTO
2026-04-05 02:54:31,1775357671,BOOM900,8951.209,-1,0.007999999999810825,BACKFILL_AUTO
2026-04-05 02:54:32,1775357672,BOOM900,8951.193,-1,0.01600000000144064,BACKFILL_AUTO
2026-04-05 02:54:33,1775357673,BOOM900,8951.177,-1,0.01599999999962165,BACKFILL_AUTO
2026-04-05 02:54:34,1775357674,BOOM900,8951.154,-1,0.02299999999922875,BACKFILL_AUTO
2026-04-05 02:54:35,1775357675,BOOM900,8951.153,-1,0.0010000000002037268,BACKFILL_AUTO
2026-04-05 02:54:36,1775357676,BOOM900,8951.151,-1,0.0020000000004074536,BACKFILL_AUTO
2026-04-05 02:54:37,1775357677,BOOM900,8951.144,-1,0.006999999999607098,BACKFILL_AUTO
2026-04-05 02:54:38,1775357678,BOOM900,8951.132,-1,0.012000000000625732,BACKFILL_AUTO
2026-04-05 02:54:39,1775357679,BOOM900,8951.128,-1,0.003999999998995918,BACKFILL_AUTO
2026-04-05 02:54:40,1775357680,BOOM900,8951.118,-1,0.010000000000218279,BACKFILL_AUTO
2026-04-05 02:54:41,1775357681,BOOM900,8951.112,-1,0.006000000001222361,BACKFILL_AUTO
2026-04-05 02:54:42,1775357682,BOOM900,8951.102,-1,0.00999999999839929,BACKFILL_AUTO
2026-04-05 02:54:43,1775357683,BOOM900,8951.095,-1,0.007000000001426088,BACKFILL_AUTO
2026-04-05 02:54:44,1775357684,BOOM900,8951.09,-1,0.004999999999199645,BACKFILL_AUTO
2026-04-05 02:54:45,1775357685,BOOM900,8951.083,-1,0.006999999999607098,BACKFILL_AUTO
2026-04-05 02:54:46,1775357686,BOOM900,8951.07,-1,0.01300000000082946,BACKFILL_AUTO
2026-04-05 02:54:47,1775357687,BOOM900,8951.056,-1,0.013999999999214197,BACKFILL_AUTO
2026-04-05 02:54:48,1775357688,BOOM900,8951.037,-1,0.01900000000023283,BACKFILL_AUTO
2026-04-05 02:54:49,1775357689,BOOM900,8951.025,-1,0.012000000000625732,BACKFILL_AUTO
2026-04-05 02:54:50,1775357690,BOOM900,8951.015,-1,0.010000000000218279,BACKFILL_AUTO
2026-04-05 02:54:51,1775357691,BOOM900,8951.008,-1,0.006999999999607098,BACKFILL_AUTO
2026-04-05 02:54:52,1775357692,BOOM900,8951.002,-1,0.0059999999994033715,BACKFILL_AUTO
2026-04-05 02:54:53,1775357693,BOOM900,8950.993,-1,0.009000000000014552,BACKFILL_AUTO
2026-04-05 02:54:54,1775357694,BOOM900,8950.986,-1,0.006999999999607098,BACKFILL_AUTO
2026-04-05 02:54:55,1775357695,BOOM900,8950.97,-1,0.01600000000144064,BACKFILL_AUTO
2026-04-05 02:54:56,1775357696,BOOM900,8950.959,-1,0.010999999998603016,BACKFILL_AUTO
2026-04-05 02:54:57,1775357697,BOOM900,8950.955,-1,0.004000000000814907,BACKFILL_AUTO
2026-04-05 02:54:58,1775357698,BOOM900,8950.941,-1,0.013999999999214197,BACKFILL_AUTO
2026-04-05 02:54:59,1775357699,BOOM900,8950.928,-1,0.01300000000082946,BACKFILL_AUTO
2026-04-05 02:55:00,1775357700,BOOM900,8950.924,-1,0.003999999998995918,BACKFILL_AUTO
2026-04-05 02:55:01,1775357701,BOOM900,8950.913,-1,0.011000000000422006,BACKFILL_AUTO
2026-04-05 02:55:02,1775357702,BOOM900,8950.907,-1,0.006000000001222361,BACKFILL_AUTO
2026-04-05 02:55:03,1775357703,BOOM900,8950.896,-1,0.010999999998603016,BACKFILL_AUTO
2026-04-05 02:55:04,1775357704,BOOM900,8950.887,-1,0.009000000000014552,BACKFILL_AUTO
2026-04-05 02:55:05,1775357705,BOOM900,8950.884,-1,0.0030000000006111804,BACKFILL_AUTO
2026-04-05 02:55:06,1775357706,BOOM900,8950.874,-1,0.010000000000218279,BACKFILL_AUTO
2026-04-05 02:55:07,1775357707,BOOM900,8950.87,-1,0.003999999998995918,BACKFILL_AUTO
2026-04-05 02:55:08,1775357708,BOOM900,8950.856,-1,0.014000000001033186,BACKFILL_AUTO
2026-04-05 02:55:09,1775357709,BOOM900,8950.838,-1,0.018000000000029104,BACKFILL_AUTO
2026-04-05 02:55:10,1775357710,BOOM900,8950.831,-1,0.006999999999607098,BACKFILL_AUTO
2026-04-05 02:55:11,1775357711,BOOM900,8950.808,-1,0.02299999999922875,BACKFILL_AUTO
2026-04-05 02:55:12,1775357712,BOOM900,8950.792,-1,0.01600000000144064,BACKFILL_AUTO
2026-04-05 02:55:13,1775357713,BOOM900,8950.792,0,0.0,BACKFILL_AUTO
2026-04-05 02:55:14,1775357714,BOOM900,8950.777,-1,0.014999999999417923,BACKFILL_AUTO
2026-04-05 02:55:15,1775357715,BOOM900,8950.768,-1,0.009000000000014552,BACKFILL_AUTO
2026-04-05 02:55:16,1775357716,BOOM900,8950.761,-1,0.006999999999607098,BACKFILL_AUTO
2026-04-05 02:55:17,1775357717,BOOM900,8950.759,-1,0.0020000000004074536,BACKFILL_AUTO
2026-04-05 02:55:18,1775357718,BOOM900,8950.736,-1,0.02299999999922875,BACKFILL_AUTO
2026-04-05 02:55:19,1775357719,BOOM900,8950.725,-1,0.011000000000422006,BACKFILL_AUTO
2026-04-05 02:55:20,1775357720,BOOM900,8950.707,-1,0.018000000000029104,BACKFILL_AUTO
2026-04-05 02:55:21,1775357721,BOOM900,8950.694,-1,0.01300000000082946,BACKFILL_AUTO
2026-04-05 02:55:22,1775357722,BOOM900,8950.692,-1,0.0020000000004074536,BACKFILL_AUTO
2026-04-05 02:55:23,1775357723,BOOM900,8950.682,-1,0.00999999999839929,BACKFILL_AUTO
2026-04-05 02:55:24,1775357724,BOOM900,8950.677,-1,0.005000000001018634,BACKFILL_AUTO
2026-04-05 02:55:25,1775357725,BOOM900,8950.651,-1,0.02599999999983993,BACKFILL_AUTO
2026-04-05 02:55:26,1775357726,BOOM900,8950.645,-1,0.0059999999994033715,BACKFILL_AUTO
2026-04-05 02:55:27,1775357727,BOOM900,8950.638,-1,0.006999999999607098,BACKFILL_AUTO
2026-04-05 02:55:28,1775357728,BOOM900,8950.635,-1,0.0030000000006111804,BACKFILL_AUTO
2026-04-05 02:55:29,1775357729,BOOM900,8950.625,-1,0.010000000000218279,BACKFILL_AUTO
2026-04-05 02:55:30,1775357730,BOOM900,8950.618,-1,0.006999999999607098,BACKFILL_AUTO
2026-04-05 02:55:31,1775357731,BOOM900,8950.603,-1,0.015000000001236913,BACKFILL_AUTO
2026-04-05 02:55:32,1775357732,BOOM900,8950.585,-1,0.018000000000029104,BACKFILL_AUTO
2026-04-05 02:55:33,1775357733,BOOM900,8950.57,-1,0.014999999999417923,BACKFILL_AUTO
2026-04-05 02:55:34,1775357734,BOOM900,8950.545,-1,0.024999999999636202,BACKFILL_AUTO
2026-04-05 02:55:35,1775357735,BOOM900,8950.52,-1,0.024999999999636202,BACKFILL_AUTO
2026-04-05 02:55:36,1775357736,BOOM900,8950.509,-1,0.011000000000422006,BACKFILL_AUTO
2026-04-05 02:55:37,1775357737,BOOM900,8950.487,-1,0.02200000000084401,BACKFILL_AUTO
2026-04-05 02:55:38,1775357738,BOOM900,8950.482,-1,0.004999999999199645,BACKFILL_AUTO
2026-04-05 02:55:39,1775357739,BOOM900,8950.478,-1,0.004000000000814907,BACKFILL_AUTO
2026-04-05 02:55:40,1775357740,BOOM900,8950.474,-1,0.003999999998995918,BACKFILL_AUTO
2026-04-05 02:55:41,1775357741,BOOM900,8950.46,-1,0.014000000001033186,BACKFILL_AUTO
2026-04-05 02:55:42,1775357742,BOOM900,8950.447,-1,0.01299999999901047,BACKFILL_AUTO
2026-04-05 02:55:43,1775357743,BOOM900,8950.432,-1,0.014999999999417923,BACKFILL_AUTO
2026-04-05 02:55:44,1775357744,BOOM900,8950.421,-1,0.011000000000422006,BACKFILL_AUTO
2026-04-05 02:55:45,1775357745,BOOM900,8950.419,-1,0.0020000000004074536,BACKFILL_AUTO
2026-04-05 02:55:46,1775357746,BOOM900,8950.413,-1,0.0059999999994033715,BACKFILL_AUTO
2026-04-05 02:55:47,1775357747,BOOM900,8950.401,-1,0.012000000000625732,BACKFILL_AUTO
2026-04-05 02:55:48,1775357748,BOOM900,8950.389,-1,0.012000000000625732,BACKFILL_AUTO
2026-04-05 02:55:49,1775357749,BOOM900,8950.386,-1,0.002999999998792191,BACKFILL_AUTO
2026-04-05 02:55:50,1775357750,BOOM900,8950.384,-1,0.0020000000004074536,BACKFILL_AUTO
2026-04-05 02:55:51,1775357751,BOOM900,8950.38,-1,0.004000000000814907,BACKFILL_AUTO
2026-04-05 02:55:52,1775357752,BOOM900,8950.376,-1,0.003999999998995918,BACKFILL_AUTO
2026-04-05 02:55:53,1775357753,BOOM900,8950.366,-1,0.010000000000218279,BACKFILL_AUTO
2026-04-05 02:55:54,1775357754,BOOM900,8950.334,-1,0.0319999999992433,BACKFILL_AUTO
2026-04-05 02:55:55,1775357755,BOOM900,8950.332,-1,0.0020000000004074536,BACKFILL_AUTO
2026-04-05 02:55:56,1775357756,BOOM900,8950.322,-1,0.010000000000218279,BACKFILL_AUTO
2026-04-05 02:55:57,1775357757,BOOM900,8950.313,-1,0.009000000000014552,BACKFILL_AUTO
2026-04-05 02:55:58,1775357758,BOOM900,8950.308,-1,0.004999999999199645,BACKFILL_AUTO
2026-04-05 02:55:59,1775357759,BOOM900,8950.285,-1,0.023000000001047738,BACKFILL_AUTO
2026-04-05 02:56:00,1775357760,BOOM900,8950.274,-1,0.011000000000422006,BACKFILL_AUTO
2026-04-05 02:56:01,1775357761,BOOM900,8950.266,-1,0.007999999999810825,BACKFILL_AUTO
2026-04-05 02:56:02,1775357762,BOOM900,8950.264,-1,0.0020000000004074536,BACKFILL_AUTO
2026-04-05 02:56:03,1775357763,BOOM900,8950.252,-1,0.011999999998806743,BACKFILL_AUTO
2026-04-05 02:56:04,1775357764,BOOM900,8950.249,-1,0.0030000000006111804,BACKFILL_AUTO
2026-04-05 02:56:05,1775357765,BOOM900,8950.242,-1,0.006999999999607098,BACKFILL_AUTO
2026-04-05 02:56:06,1775357766,BOOM900,8950.239,-1,0.0030000000006111804,BACKFILL_AUTO
2026-04-05 02:56:07,1775357767,BOOM900,8950.227,-1,0.011999999998806743,BACKFILL_AUTO
2026-04-05 02:56:08,1775357768,BOOM900,8950.198,-1,0.02900000000045111,BACKFILL_AUTO
2026-04-05 02:56:09,1775357769,BOOM900,8950.168,-1,0.030000000000654836,BACKFILL_AUTO
2026-04-05 02:56:10,1775357770,BOOM900,8950.165,-1,0.002999999998792191,BACKFILL_AUTO
2026-04-05 02:56:11,1775357771,BOOM900,8950.148,-1,0.017000000001644366,BACKFILL_AUTO
2026-04-05 02:56:12,1775357772,BOOM900,8950.133,-1,0.014999999999417923,BACKFILL_AUTO
2026-04-05 02:56:13,1775357773,BOOM900,8950.108,-1,0.024999999999636202,BACKFILL_AUTO
2026-04-05 02:56:14,1775357774,BOOM900,8950.107,-1,0.0010000000002037268,BACKFILL_AUTO
2026-04-05 02:56:15,1775357775,BOOM900,8950.102,-1,0.004999999999199645,BACKFILL_AUTO
2026-04-05 02:56:16,1775357776,BOOM900,8950.098,-1,0.004000000000814907,BACKFILL_AUTO
2026-04-05 02:56:17,1775357777,BOOM900,8950.098,0,0.0,BACKFILL_AUTO
2026-04-05 02:56:18,1775357778,BOOM900,8950.091,-1,0.006999999999607098,BACKFILL_AUTO
2026-04-05 02:56:19,1775357779,BOOM900,8950.089,-1,0.0020000000004074536,BACKFILL_AUTO
2026-04-05 02:56:20,1775357780,BOOM900,8950.082,-1,0.006999999999607098,BACKFILL_AUTO
2026-04-05 02:56:21,1775357781,BOOM900,8950.07,-1,0.012000000000625732,BACKFILL_AUTO
2026-04-05 02:56:22,1775357782,BOOM900,8950.054,-1,0.01599999999962165,BACKFILL_AUTO
2026-04-05 02:56:23,1775357783,BOOM900,8950.042,-1,0.012000000000625732,BACKFILL_AUTO
2026-04-05 02:56:24,1775357784,BOOM900,8950.039,-1,0.002999999998792191,BACKFILL_AUTO
2026-04-05 02:56:25,1775357785,BOOM900,8950.036,-1,0.0030000000006111804,BACKFILL_AUTO
2026-04-05 02:56:26,1775357786,BOOM900,8950.036,0,0.0,BACKFILL_AUTO
2026-04-05 02:56:27,1775357787,BOOM900,8950.031,-1,0.004999999999199645,BACKFILL_AUTO
2026-04-05 02:56:28,1775357788,BOOM900,8950.023,-1,0.008000000001629815,BACKFILL_AUTO
2026-04-05 02:56:29,1775357789,BOOM900,8950.005,-1,0.018000000000029104,BACKFILL_AUTO
2026-04-05 02:56:30,1775357790,BOOM900,8949.999,-1,0.0059999999994033715,BACKFILL_AUTO
2026-04-05 02:56:31,1775357791,BOOM900,8949.994,-1,0.004999999999199645,BACKFILL_AUTO
2026-04-05 02:56:32,1775357792,BOOM900,8949.98,-1,0.014000000001033186,BACKFILL_AUTO
2026-04-05 02:56:33,1775357793,BOOM900,8949.979,-1,0.0010000000002037268,BACKFILL_AUTO
2026-04-05 02:56:34,1775357794,BOOM900,8949.96,-1,0.01900000000023283,BACKFILL_AUTO
2026-04-05 02:56:35,1775357795,BOOM900,8949.953,-1,0.006999999999607098,BACKFILL_AUTO
2026-04-05 02:56:36,1775357796,BOOM900,8949.939,-1,0.013999999999214197,BACKFILL_AUTO
2026-04-05 02:56:37,1775357797,BOOM900,8949.924,-1,0.014999999999417923,BACKFILL_AUTO
2026-04-05 02:56:38,1775357798,BOOM900,8949.919,-1,0.005000000001018634,BACKFILL_AUTO
2026-04-05 02:56:39,1775357799,BOOM900,8949.906,-1,0.01299999999901047,BACKFILL_AUTO
2026-04-05 02:56:40,1775357800,BOOM900,8949.896,-1,0.010000000000218279,BACKFILL_AUTO
2026-04-05 02:56:41,1775357801,BOOM900,8949.887,-1,0.009000000000014552,BACKFILL_AUTO
2026-04-05 02:56:42,1775357802,BOOM900,8949.884,-1,0.0030000000006111804,BACKFILL_AUTO
2026-04-05 02:56:43,1775357803,BOOM900,8949.875,-1,0.009000000000014552,BACKFILL_AUTO
2026-04-05 02:56:44,1775357804,BOOM900,8949.868,-1,0.006999999999607098,BACKFILL_AUTO
2026-04-05 02:56:45,1775357805,BOOM900,8949.86,-1,0.007999999999810825,BACKFILL_AUTO
2026-04-05 02:56:46,1775357806,BOOM900,8949.844,-1,0.01600000000144064,BACKFILL_AUTO
2026-04-05 02:56:47,1775357807,BOOM900,8949.839,-1,0.004999999999199645,BACKFILL_AUTO
2026-04-05 02:56:48,1775357808,BOOM900,8949.833,-1,0.0059999999994033715,BACKFILL_AUTO
2026-04-05 02:56:49,1775357809,BOOM900,8949.821,-1,0.012000000000625732,BACKFILL_AUTO
2026-04-05 02:56:50,1775357810,BOOM900,8949.818,-1,0.0030000000006111804,BACKFILL_AUTO
2026-04-05 02:56:51,1775357811,BOOM900,8949.8,-1,0.018000000000029104,BACKFILL_AUTO
2026-04-05 02:56:52,1775357812,BOOM900,8949.8,0,0.0,BACKFILL_AUTO
2026-04-05 02:56:53,1775357813,BOOM900,8949.798,-1,0.0019999999985884642,BACKFILL_AUTO
2026-04-05 02:56:54,1775357814,BOOM900,8949.776,-1,0.02200000000084401,BACKFILL_AUTO
2026-04-05 02:56:55,1775357815,BOOM900,8949.748,-1,0.028000000000247383,BACKFILL_AUTO
2026-04-05 02:56:56,1775357816,BOOM900,8949.729,-1,0.01900000000023283,BACKFILL_AUTO
2026-04-05 02:56:57,1775357817,BOOM900,8949.727,-1,0.0019999999985884642,BACKFILL_AUTO
2026-04-05 02:56:58,1775357818,BOOM900,8949.725,-1,0.0020000000004074536,BACKFILL_AUTO
2026-04-05 02:56:59,1775357819,BOOM900,8949.72,-1,0.005000000001018634,BACKFILL_AUTO
2026-04-05 02:57:00,1775357820,BOOM900,8949.708,-1,0.011999999998806743,BACKFILL_AUTO
2026-04-05 02:57:01,1775357821,BOOM900,8949.696,-1,0.012000000000625732,BACKFILL_AUTO
2026-04-05 02:57:02,1775357822,BOOM900,8949.685,-1,0.011000000000422006,BACKFILL_AUTO
2026-04-05 02:57:03,1775357823,BOOM900,8949.683,-1,0.0019999999985884642,BACKFILL_AUTO
2026-04-05 02:57:04,1775357824,BOOM900,8949.671,-1,0.012000000000625732,BACKFILL_AUTO
2026-04-05 02:57:05,1775357825,BOOM900,8949.668,-1,0.0030000000006111804,BACKFILL_AUTO
2026-04-05 02:57:06,1775357826,BOOM900,8949.658,-1,0.010000000000218279,BACKFILL_AUTO
2026-04-05 02:57:07,1775357827,BOOM900,8949.653,-1,0.004999999999199645,BACKFILL_AUTO
2026-04-05 02:57:08,1775357828,BOOM900,8949.65,-1,0.0030000000006111804,BACKFILL_AUTO
2026-04-05 02:57:09,1775357829,BOOM900,8949.644,-1,0.0059999999994033715,BACKFILL_AUTO
2026-04-05 02:57:10,1775357830,BOOM900,8949.629,-1,0.014999999999417923,BACKFILL_AUTO
2026-04-05 02:57:11,1775357831,BOOM900,8949.619,-1,0.010000000000218279,BACKFILL_AUTO
2026-04-05 02:57:12,1775357832,BOOM900,8949.606,-1,0.01300000000082946,BACKFILL_AUTO
2026-04-05 02:57:13,1775357833,BOOM900,8949.598,-1,0.007999999999810825,BACKFILL_AUTO
2026-04-05 02:57:14,1775357834,BOOM900,8949.59,-1,0.007999999999810825,BACKFILL_AUTO
2026-04-05 02:57:15,1775357835,BOOM900,8949.58,-1,0.010000000000218279,BACKFILL_AUTO
2026-04-05 02:57:16,1775357836,BOOM900,8949.58,0,0.0,BACKFILL_AUTO
2026-04-05 02:57:17,1775357837,BOOM900,8949.578,-1,0.0020000000004074536,BACKFILL_AUTO
2026-04-05 02:57:18,1775357838,BOOM900,8949.567,-1,0.011000000000422006,BACKFILL_AUTO
2026-04-05 02:57:19,1775357839,BOOM900,8949.54,-1,0.026999999998224666,BACKFILL_AUTO
2026-04-05 02:57:20,1775357840,BOOM900,8949.527,-1,0.01300000000082946,BACKFILL_AUTO
2026-04-05 02:57:21,1775357841,BOOM900,8949.497,-1,0.030000000000654836,BACKFILL_AUTO
2026-04-05 02:57:22,1775357842,BOOM900,8949.472,-1,0.024999999999636202,BACKFILL_AUTO
2026-04-05 02:57:23,1775357843,BOOM900,8949.465,-1,0.006999999999607098,BACKFILL_AUTO
2026-04-05 02:57:24,1775357844,BOOM900,8949.453,-1,0.012000000000625732,BACKFILL_AUTO
2026-04-05 02:57:25,1775357845,BOOM900,8949.438,-1,0.014999999999417923,BACKFILL_AUTO
2026-04-05 02:57:26,1775357846,BOOM900,8949.428,-1,0.010000000000218279,BACKFILL_AUTO
2026-04-05 02:57:27,1775357847,BOOM900,8949.418,-1,0.010000000000218279,BACKFILL_AUTO
2026-04-05 02:57:28,1775357848,BOOM900,8949.403,-1,0.014999999999417923,BACKFILL_AUTO
2026-04-05 02:57:29,1775357849,BOOM900,8949.399,-1,0.004000000000814907,BACKFILL_AUTO
2026-04-05 02:57:30,1775357850,BOOM900,8949.386,-1,0.01299999999901047,BACKFILL_AUTO
2026-04-05 02:57:31,1775357851,BOOM900,8949.367,-1,0.01900000000023283,BACKFILL_AUTO
2026-04-05 02:57:32,1775357852,BOOM900,8949.35,-1,0.016999999999825377,BACKFILL_AUTO
2026-04-05 02:57:33,1775357853,BOOM900,8949.333,-1,0.016999999999825377,BACKFILL_AUTO
2026-04-05 02:57:34,1775357854,BOOM900,8949.313,-1,0.020000000000436557,BACKFILL_AUTO
2026-04-05 02:57:35,1775357855,BOOM900,8949.302,-1,0.011000000000422006,BACKFILL_AUTO
2026-04-05 02:57:36,1775357856,BOOM900,8949.295,-1,0.006999999999607098,BACKFILL_AUTO
2026-04-05 02:57:37,1775357857,BOOM900,8949.288,-1,0.006999999999607098,BACKFILL_AUTO
2026-04-05 02:57:38,1775357858,BOOM900,8949.287,-1,0.0010000000002037268,BACKFILL_AUTO
2026-04-05 02:57:39,1775357859,BOOM900,8949.285,-1,0.0020000000004074536,BACKFILL_AUTO
2026-04-05 02:57:40,1775357860,BOOM900,8949.266,-1,0.01900000000023283,BACKFILL_AUTO
2026-04-05 02:57:41,1775357861,BOOM900,8949.263,-1,0.002999999998792191,BACKFILL_AUTO
2026-04-05 02:57:42,1775357862,BOOM900,8949.251,-1,0.012000000000625732,BACKFILL_AUTO
2026-04-05 02:57:43,1775357863,BOOM900,8949.249,-1,0.0020000000004074536,BACKFILL_AUTO
2026-04-05 02:57:44,1775357864,BOOM900,8949.241,-1,0.007999999999810825,BACKFILL_AUTO
2026-04-05 02:57:45,1775357865,BOOM900,8949.234,-1,0.006999999999607098,BACKFILL_AUTO
2026-04-05 02:57:46,1775357866,BOOM900,8949.222,-1,0.012000000000625732,BACKFILL_AUTO
2026-04-05 02:57:47,1775357867,BOOM900,8949.212,-1,0.010000000000218279,BACKFILL_AUTO
2026-04-05 02:57:48,1775357868,BOOM900,8949.212,0,0.0,BACKFILL_AUTO
2026-04-05 02:57:49,1775357869,BOOM900,8949.209,-1,0.002999999998792191,BACKFILL_AUTO
2026-04-05 02:57:50,1775357870,BOOM900,8949.202,-1,0.007000000001426088,BACKFILL_AUTO
2026-04-05 02:57:51,1775357871,BOOM900,8949.191,-1,0.010999999998603016,BACKFILL_AUTO
2026-04-05 02:57:52,1775357872,BOOM900,8949.188,-1,0.0030000000006111804,BACKFILL_AUTO
2026-04-05 02:57:53,1775357873,BOOM900,8949.175,-1,0.01300000000082946,BACKFILL_AUTO
2026-04-05 02:57:54,1775357874,BOOM900,8949.164,-1,0.010999999998603016,BACKFILL_AUTO
2026-04-05 02:57:55,1775357875,BOOM900,8949.157,-1,0.007000000001426088,BACKFILL_AUTO
2026-04-05 02:57:56,1775357876,BOOM900,8949.146,-1,0.010999999998603016,BACKFILL_AUTO
2026-04-05 02:57:57,1775357877,BOOM900,8949.143,-1,0.0030000000006111804,BACKFILL_AUTO
2026-04-05 02:57:58,1775357878,BOOM900,8949.131,-1,0.012000000000625732,BACKFILL_AUTO
2026-04-05 02:57:59,1775357879,BOOM900,8949.117,-1,0.013999999999214197,BACKFILL_AUTO
2026-04-05 02:58:00,1775357880,BOOM900,8949.116,-1,0.0010000000002037268,BACKFILL_AUTO
2026-04-05 02:58:01,1775357881,BOOM900,8949.112,-1,0.004000000000814907,BACKFILL_AUTO
2026-04-05 02:58:02,1775357882,BOOM900,8949.087,-1,0.024999999999636202,BACKFILL_AUTO
2026-04-05 02:58:03,1775357883,BOOM900,8949.073,-1,0.013999999999214197,BACKFILL_AUTO
2026-04-05 02:58:04,1775357884,BOOM900,8949.062,-1,0.011000000000422006,BACKFILL_AUTO
2026-04-05 02:58:05,1775357885,BOOM900,8949.054,-1,0.007999999999810825,BACKFILL_AUTO
2026-04-05 02:58:06,1775357886,BOOM900,8949.037,-1,0.016999999999825377,BACKFILL_AUTO
2026-04-05 02:58:07,1775357887,BOOM900,8949.029,-1,0.007999999999810825,BACKFILL_AUTO
2026-04-05 02:58:08,1775357888,BOOM900,8949.027,-1,0.0020000000004074536,BACKFILL_AUTO
2026-04-05 02:58:09,1775357889,BOOM900,8949.015,-1,0.012000000000625732,BACKFILL_AUTO
2026-04-05 02:58:10,1775357890,BOOM900,8949.011,-1,0.003999999998995918,BACKFILL_AUTO
2026-04-05 02:58:11,1775357891,BOOM900,8949.004,-1,0.006999999999607098,BACKFILL_AUTO
2026-04-05 02:58:12,1775357892,BOOM900,8948.99,-1,0.014000000001033186,BACKFILL_AUTO
2026-04-05 02:58:13,1775357893,BOOM900,8948.966,-1,0.023999999999432475,BACKFILL_AUTO
2026-04-05 02:58:14,1775357894,BOOM900,8948.954,-1,0.012000000000625732,BACKFILL_AUTO
2026-04-05 02:58:15,1775357895,BOOM900,8948.953,-1,0.0010000000002037268,BACKFILL_AUTO
2026-04-05 02:58:16,1775357896,BOOM900,8948.937,-1,0.01599999999962165,BACKFILL_AUTO
2026-04-05 02:58:17,1775357897,BOOM900,8948.927,-1,0.010000000000218279,BACKFILL_AUTO
2026-04-05 02:58:18,1775357898,BOOM900,8948.927,0,0.0,BACKFILL_AUTO
2026-04-05 02:58:19,1775357899,BOOM900,8948.916,-1,0.011000000000422006,BACKFILL_AUTO
2026-04-05 02:58:20,1775357900,BOOM900,8948.896,-1,0.019999999998617568,BACKFILL_AUTO
2026-04-05 02:58:21,1775357901,BOOM900,8948.886,-1,0.010000000000218279,BACKFILL_AUTO
2026-04-05 02:58:22,1775357902,BOOM900,8948.883,-1,0.0030000000006111804,BACKFILL_AUTO
2026-04-05 02:58:23,1775357903,BOOM900,8948.877,-1,0.0059999999994033715,BACKFILL_AUTO
2026-04-05 02:58:24,1775357904,BOOM900,8948.874,-1,0.0030000000006111804,BACKFILL_AUTO
2026-04-05 02:58:25,1775357905,BOOM900,8948.861,-1,0.01299999999901047,BACKFILL_AUTO
2026-04-05 02:58:26,1775357906,BOOM900,8948.855,-1,0.006000000001222361,BACKFILL_AUTO
2026-04-05 02:58:27,1775357907,BOOM900,8948.841,-1,0.013999999999214197,BACKFILL_AUTO
2026-04-05 02:58:28,1775357908,BOOM900,8948.818,-1,0.023000000001047738,BACKFILL_AUTO
2026-04-05 02:58:29,1775357909,BOOM900,8948.804,-1,0.013999999999214197,BACKFILL_AUTO
2026-04-05 02:58:30,1775357910,BOOM900,8948.803,-1,0.0010000000002037268,BACKFILL_AUTO
2026-04-05 02:58:31,1775357911,BOOM900,8948.802,-1,0.0010000000002037268,BACKFILL_AUTO
2026-04-05 02:58:32,1775357912,BOOM900,8948.801,-1,0.0010000000002037268,BACKFILL_AUTO
2026-04-05 02:58:33,1775357913,BOOM900,8948.799,-1,0.0019999999985884642,BACKFILL_AUTO
2026-04-05 02:58:34,1775357914,BOOM900,8948.785,-1,0.014000000001033186,BACKFILL_AUTO
2026-04-05 02:58:35,1775357915,BOOM900,8948.769,-1,0.01599999999962165,BACKFILL_AUTO
2026-04-05 02:58:36,1775357916,BOOM900,8948.751,-1,0.018000000000029104,BACKFILL_AUTO
2026-04-05 02:58:37,1775357917,BOOM900,8948.735,-1,0.01599999999962165,BACKFILL_AUTO
2026-04-05 02:58:38,1775357918,BOOM900,8948.727,-1,0.007999999999810825,BACKFILL_AUTO
2026-04-05 02:58:39,1775357919,BOOM900,8948.716,-1,0.011000000000422006,BACKFILL_AUTO
2026-04-05 02:58:40,1775357920,BOOM900,8948.695,-1,0.021000000000640284,BACKFILL_AUTO
2026-04-05 02:58:41,1775357921,BOOM900,8948.693,-1,0.0020000000004074536,BACKFILL_AUTO
2026-04-05 02:58:42,1775357922,BOOM900,8948.684,-1,0.009000000000014552,BACKFILL_AUTO
2026-04-05 02:58:43,1775357923,BOOM900,8948.66,-1,0.023999999999432475,BACKFILL_AUTO
2026-04-05 02:58:44,1775357924,BOOM900,8948.647,-1,0.01299999999901047,BACKFILL_AUTO
2026-04-05 02:58:45,1775357925,BOOM900,8948.633,-1,0.014000000001033186,BACKFILL_AUTO
2026-04-05 02:58:46,1775357926,BOOM900,8948.63,-1,0.0030000000006111804,BACKFILL_AUTO
2026-04-05 02:58:47,1775357927,BOOM900,8948.62,-1,0.00999999999839929,BACKFILL_AUTO
2026-04-05 02:58:48,1775357928,BOOM900,8948.614,-1,0.006000000001222361,BACKFILL_AUTO
2026-04-05 02:58:49,1775357929,BOOM900,8948.594,-1,0.020000000000436557,BACKFILL_AUTO
2026-04-05 02:58:50,1775357930,BOOM900,8948.589,-1,0.004999999999199645,BACKFILL_AUTO
2026-04-05 02:58:51,1775357931,BOOM900,8948.581,-1,0.007999999999810825,BACKFILL_AUTO
2026-04-05 02:58:52,1775357932,BOOM900,8948.567,-1,0.014000000001033186,BACKFILL_AUTO
2026-04-05 02:58:53,1775357933,BOOM900,8948.566,-1,0.0009999999983847374,BACKFILL_AUTO
2026-04-05 02:58:54,1775357934,BOOM900,8948.565,-1,0.0010000000002037268,BACKFILL_AUTO
2026-04-05 02:58:55,1775357935,BOOM900,8948.564,-1,0.0010000000002037268,BACKFILL_AUTO
2026-04-05 02:58:56,1775357936,BOOM900,8948.563,-1,0.0010000000002037268,BACKFILL_AUTO
2026-04-05 02:58:57,1775357937,BOOM900,8948.542,-1,0.021000000000640284,BACKFILL_AUTO
2026-04-05 02:58:58,1775357938,BOOM900,8948.538,-1,0.003999999998995918,BACKFILL_AUTO
2026-04-05 02:58:59,1775357939,BOOM900,8948.535,-1,0.0030000000006111804,BACKFILL_AUTO
2026-04-05 02:59:00,1775357940,BOOM900,8948.52,-1,0.014999999999417923,BACKFILL_AUTO
2026-04-05 02:59:01,1775357941,BOOM900,8948.514,-1,0.006000000001222361,BACKFILL_AUTO
2026-04-05 02:59:02,1775357942,BOOM900,8948.504,-1,0.00999999999839929,BACKFILL_AUTO
2026-04-05 02:59:03,1775357943,BOOM900,8948.496,-1,0.008000000001629815,BACKFILL_AUTO
2026-04-05 02:59:04,1775357944,BOOM900,8948.483,-1,0.01299999999901047,BACKFILL_AUTO
2026-04-05 02:59:05,1775357945,BOOM900,8948.468,-1,0.014999999999417923,BACKFILL_AUTO
2026-04-05 02:59:06,1775357946,BOOM900,8948.467,-1,0.0010000000002037268,BACKFILL_AUTO
2026-04-05 02:59:07,1775357947,BOOM900,8948.465,-1,0.0020000000004074536,BACKFILL_AUTO
2026-04-05 02:59:08,1775357948,BOOM900,8948.458,-1,0.006999999999607098,BACKFILL_AUTO
2026-04-05 02:59:09,1775357949,BOOM900,8948.446,-1,0.012000000000625732,BACKFILL_AUTO
2026-04-05 02:59:10,1775357950,BOOM900,8948.446,0,0.0,BACKFILL_AUTO
2026-04-05 02:59:11,1775357951,BOOM900,8948.437,-1,0.009000000000014552,BACKFILL_AUTO
2026-04-05 02:59:12,1775357952,BOOM900,8948.431,-1,0.0059999999994033715,BACKFILL_AUTO
2026-04-05 02:59:13,1775357953,BOOM900,8948.408,-1,0.023000000001047738,BACKFILL_AUTO
2026-04-05 02:59:14,1775357954,BOOM900,8948.388,-1,0.019999999998617568,BACKFILL_AUTO
2026-04-05 02:59:15,1775357955,BOOM900,8948.381,-1,0.007000000001426088,BACKFILL_AUTO
2026-04-05 02:59:16,1775357956,BOOM900,8948.362,-1,0.01900000000023283,BACKFILL_AUTO
2026-04-05 02:59:17,1775357957,BOOM900,8948.352,-1,0.00999999999839929,BACKFILL_AUTO
2026-04-05 02:59:18,1775357958,BOOM900,8948.342,-1,0.010000000000218279,BACKFILL_AUTO
2026-04-05 02:59:19,1775357959,BOOM900,8948.336,-1,0.006000000001222361,BACKFILL_AUTO
2026-04-05 02:59:20,1775357960,BOOM900,8948.33,-1,0.0059999999994033715,BACKFILL_AUTO
2026-04-05 02:59:21,1775357961,BOOM900,8948.329,-1,0.0010000000002037268,BACKFILL_AUTO
2026-04-05 02:59:22,1775357962,BOOM900,8948.309,-1,0.020000000000436557,BACKFILL_AUTO
2026-04-05 02:59:23,1775357963,BOOM900,8948.291,-1,0.018000000000029104,BACKFILL_AUTO
2026-04-05 02:59:24,1775357964,BOOM900,8948.283,-1,0.007999999999810825,BACKFILL_AUTO
2026-04-05 02:59:25,1775357965,BOOM900,8948.28,-1,0.002999999998792191,BACKFILL_AUTO
2026-04-05 02:59:26,1775357966,BOOM900,8948.273,-1,0.007000000001426088,BACKFILL_AUTO
2026-04-05 02:59:27,1775357967,BOOM900,8948.267,-1,0.0059999999994033715,BACKFILL_AUTO
2026-04-05 02:59:28,1775357968,BOOM900,8948.255,-1,0.012000000000625732,BACKFILL_AUTO
2026-04-05 02:59:29,1775357969,BOOM900,8948.242,-1,0.01299999999901047,BACKFILL_AUTO
2026-04-05 02:59:30,1775357970,BOOM900,8948.237,-1,0.005000000001018634,BACKFILL_AUTO
2026-04-05 02:59:31,1775357971,BOOM900,8948.226,-1,0.010999999998603016,BACKFILL_AUTO
2026-04-05 02:59:32,1775357972,BOOM900,8948.217,-1,0.009000000000014552,BACKFILL_AUTO
2026-04-05 02:59:33,1775357973,BOOM900,8948.205,-1,0.012000000000625732,BACKFILL_AUTO
2026-04-05 02:59:34,1775357974,BOOM900,8948.19,-1,0.014999999999417923,BACKFILL_AUTO
2026-04-05 02:59:35,1775357975,BOOM900,8948.177,-1,0.01300000000082946,BACKFILL_AUTO
2026-04-05 02:59:36,1775357976,BOOM900,8948.166,-1,0.011000000000422006,BACKFILL_AUTO
2026-04-05 02:59:37,1775357977,BOOM900,8948.161,-1,0.004999999999199645,BACKFILL_AUTO
2026-04-05 02:59:38,1775357978,BOOM900,8948.145,-1,0.01599999999962165,BACKFILL_AUTO
2026-04-05 02:59:39,1775357979,BOOM900,8948.115,-1,0.030000000000654836,BACKFILL_AUTO
2026-04-05 02:59:40,1775357980,BOOM900,8948.102,-1,0.01299999999901047,BACKFILL_AUTO
2026-04-05 02:59:41,1775357981,BOOM900,8948.1,-1,0.0020000000004074536,BACKFILL_AUTO
2026-04-05 02:59:42,1775357982,BOOM900,8948.098,-1,0.0020000000004074536,BACKFILL_AUTO
2026-04-05 02:59:43,1775357983,BOOM900,8948.084,-1,0.013999999999214197,BACKFILL_AUTO
2026-04-05 02:59:44,1775357984,BOOM900,8948.07,-1,0.014000000001033186,BACKFILL_AUTO
2026-04-05 02:59:45,1775357985,BOOM900,8948.059,-1,0.011000000000422006,BACKFILL_AUTO
2026-04-05 02:59:46,1775357986,BOOM900,8948.058,-1,0.0009999999983847374,BACKFILL_AUTO
2026-04-05 02:59:47,1775357987,BOOM900,8948.039,-1,0.01900000000023283,BACKFILL_AUTO
2026-04-05 02:59:48,1775357988,BOOM900,8948.028,-1,0.011000000000422006,BACKFILL_AUTO
2026-04-05 02:59:49,1775357989,BOOM900,8948.016,-1,0.012000000000625732,BACKFILL_AUTO
2026-04-05 02:59:50,1775357990,BOOM900,8948.003,-1,0.01299999999901047,BACKFILL_AUTO
2026-04-05 02:59:51,1775357991,BOOM900,8947.999,-1,0.004000000000814907,BACKFILL_AUTO
2026-04-05 02:59:52,1775357992,BOOM900,8947.99,-1,0.009000000000014552,BACKFILL_AUTO
2026-04-05 02:59:53,1775357993,BOOM900,8947.976,-1,0.013999999999214197,BACKFILL_AUTO
2026-04-05 02:59:54,1775357994,BOOM900,8947.969,-1,0.007000000001426088,BACKFILL_AUTO
2026-04-05 02:59:55,1775357995,BOOM900,8947.963,-1,0.0059999999994033715,BACKFILL_AUTO
2026-04-05 02:59:56,1775357996,BOOM900,8947.954,-1,0.009000000000014552,BACKFILL_AUTO
2026-04-05 02:59:57,1775357997,BOOM900,8947.95,-1,0.003999999998995918,BACKFILL_AUTO
2026-04-05 02:59:58,1775357998,BOOM900,8947.939,-1,0.011000000000422006,BACKFILL_AUTO
2026-04-05 02:59:59,1775357999,BOOM900,8947.931,-1,0.007999999999810825,BACKFILL_AUTO
2026-04-05 03:00:00,1775358000,BOOM900,8947.918,-1,0.01300000000082946,BACKFILL_AUTO
2026-04-05 03:00:01,1775358001,BOOM900,8947.89,-1,0.028000000000247383,BACKFILL_AUTO
2026-04-05 03:00:02,1775358002,BOOM900,8947.884,-1,0.0059999999994033715,BACKFILL_AUTO
2026-04-05 03:00:03,1775358003,BOOM900,8947.878,-1,0.0059999999994033715,BACKFILL_AUTO
2026-04-05 03:00:04,1775358004,BOOM900,8947.867,-1,0.011000000000422006,BACKFILL_AUTO
2026-04-05 03:00:05,1775358005,BOOM900,8947.86,-1,0.006999999999607098,BACKFILL_AUTO
2026-04-05 03:00:06,1775358006,BOOM900,8947.851,-1,0.009000000000014552,BACKFILL_AUTO
2026-04-05 03:00:07,1775358007,BOOM900,8947.83,-1,0.021000000000640284,BACKFILL_AUTO
2026-04-05 03:00:08,1775358008,BOOM900,8947.83,0,0.0,BACKFILL_AUTO
2026-04-05 03:00:09,1775358009,BOOM900,8947.811,-1,0.01900000000023283,BACKFILL_AUTO
2026-04-05 03:00:10,1775358010,BOOM900,8947.796,-1,0.014999999999417923,BACKFILL_AUTO
2026-04-05 03:00:11,1775358011,BOOM900,8947.787,-1,0.009000000000014552,BACKFILL_AUTO
2026-04-05 03:00:12,1775358012,BOOM900,8947.782,-1,0.005000000001018634,BACKFILL_AUTO
2026-04-05 03:00:13,1775358013,BOOM900,8947.777,-1,0.004999999999199645,BACKFILL_AUTO
2026-04-05 03:00:14,1775358014,BOOM900,8947.771,-1,0.0059999999994033715,BACKFILL_AUTO
2026-04-05 03:00:15,1775358015,BOOM900,8947.748,-1,0.023000000001047738,BACKFILL_AUTO
2026-04-05 03:00:16,1775358016,BOOM900,8947.734,-1,0.013999999999214197,BACKFILL_AUTO
2026-04-05 03:00:17,1775358017,BOOM900,8947.727,-1,0.006999999999607098,BACKFILL_AUTO
2026-04-05 03:00:18,1775358018,BOOM900,8947.72,-1,0.007000000001426088,BACKFILL_AUTO
2026-04-05 03:00:19,1775358019,BOOM900,8947.708,-1,0.011999999998806743,BACKFILL_AUTO
2026-04-05 03:00:20,1775358020,BOOM900,8947.696,-1,0.012000000000625732,BACKFILL_AUTO
2026-04-05 03:00:21,1775358021,BOOM900,8947.689,-1,0.006999999999607098,BACKFILL_AUTO
2026-04-05 03:00:22,1775358022,BOOM900,8947.683,-1,0.0059999999994033715,BACKFILL_AUTO
2026-04-05 03:00:23,1775358023,BOOM900,8947.655,-1,0.028000000000247383,BACKFILL_AUTO
2026-04-05 03:00:24,1775358024,BOOM900,8947.65,-1,0.005000000001018634,BACKFILL_AUTO
2026-04-05 03:00:25,1775358025,BOOM900,8947.63,-1,0.020000000000436557,BACKFILL_AUTO
2026-04-05 03:00:26,1775358026,BOOM900,8947.624,-1,0.0059999999994033715,BACKFILL_AUTO
2026-04-05 03:00:27,1775358027,BOOM900,8947.612,-1,0.012000000000625732,BACKFILL_AUTO
2026-04-05 03:00:28,1775358028,BOOM900,8947.61,-1,0.0019999999985884642,BACKFILL_AUTO
2026-04-05 03:00:29,1775358029,BOOM900,8947.602,-1,0.007999999999810825,BACKFILL_AUTO
2026-04-05 03:00:30,1775358030,BOOM900,8947.586,-1,0.01600000000144064,BACKFILL_AUTO
2026-04-05 03:00:31,1775358031,BOOM900,8947.583,-1,0.002999999998792191,BACKFILL_AUTO
2026-04-05 03:00:32,1775358032,BOOM900,8947.561,-1,0.02200000000084401,BACKFILL_AUTO
2026-04-05 03:00:33,1775358033,BOOM900,8947.55,-1,0.011000000000422006,BACKFILL_AUTO
2026-04-05 03:00:34,1775358034,BOOM900,8947.541,-1,0.009000000000014552,BACKFILL_AUTO
2026-04-05 03:00:35,1775358035,BOOM900,8947.541,0,0.0,BACKFILL_AUTO
2026-04-05 03:00:36,1775358036,BOOM900,8947.535,-1,0.0059999999994033715,BACKFILL_AUTO
2026-04-05 03:00:37,1775358037,BOOM900,8947.526,-1,0.009000000000014552,BACKFILL_AUTO
2026-04-05 03:00:38,1775358038,BOOM900,8947.517,-1,0.009000000000014552,BACKFILL_AUTO
2026-04-05 03:00:39,1775358039,BOOM900,8947.505,-1,0.012000000000625732,BACKFILL_AUTO
2026-04-05 03:00:40,1775358040,BOOM900,8947.494,-1,0.010999999998603016,BACKFILL_AUTO
2026-04-05 03:00:41,1775358041,BOOM900,8947.491,-1,0.0030000000006111804,BACKFILL_AUTO
2026-04-05 03:00:42,1775358042,BOOM900,8947.482,-1,0.009000000000014552,BACKFILL_AUTO
2026-04-05 03:00:43,1775358043,BOOM900,8947.478,-1,0.004000000000814907,BACKFILL_AUTO
2026-04-05 03:00:44,1775358044,BOOM900,8947.477,-1,0.0009999999983847374,BACKFILL_AUTO
2026-04-05 03:00:45,1775358045,BOOM900,8947.469,-1,0.008000000001629815,BACKFILL_AUTO
2026-04-05 03:00:46,1775358046,BOOM900,8947.466,-1,0.002999999998792191,BACKFILL_AUTO
2026-04-05 03:00:47,1775358047,BOOM900,8947.449,-1,0.016999999999825377,BACKFILL_AUTO
2026-04-05 03:00:48,1775358048,BOOM900,8947.434,-1,0.015000000001236913,BACKFILL_AUTO
2026-04-05 03:00:49,1775358049,BOOM900,8947.424,-1,0.00999999999839929,BACKFILL_AUTO
2026-04-05 03:00:50,1775358050,BOOM900,8947.416,-1,0.008000000001629815,BACKFILL_AUTO
2026-04-05 03:00:51,1775358051,BOOM900,8947.412,-1,0.003999999998995918,BACKFILL_AUTO
2026-04-05 03:00:52,1775358052,BOOM900,8947.411,-1,0.0010000000002037268,BACKFILL_AUTO
2026-04-05 03:00:53,1775358053,BOOM900,8947.391,-1,0.020000000000436557,BACKFILL_AUTO
2026-04-05 03:00:54,1775358054,BOOM900,8947.385,-1,0.0059999999994033715,BACKFILL_AUTO
2026-04-05 03:00:55,1775358055,BOOM900,8947.369,-1,0.01599999999962165,BACKFILL_AUTO
2026-04-05 03:00:56,1775358056,BOOM900,8947.357,-1,0.012000000000625732,BACKFILL_AUTO
2026-04-05 03:00:57,1775358057,BOOM900,8947.341,-1,0.01599999999962165,BACKFILL_AUTO
2026-04-05 03:00:58,1775358058,BOOM900,8947.332,-1,0.009000000000014552,BACKFILL_AUTO
2026-04-05 03:00:59,1775358059,BOOM900,8947.324,-1,0.007999999999810825,BACKFILL_AUTO
2026-04-05 03:01:00,1775358060,BOOM900,8947.324,0,0.0,BACKFILL_AUTO
2026-04-05 03:01:01,1775358061,BOOM900,8947.323,-1,0.0010000000002037268,BACKFILL_AUTO
2026-04-05 03:01:02,1775358062,BOOM900,8947.303,-1,0.020000000000436557,BACKFILL_AUTO
2026-04-05 03:01:03,1775358063,BOOM900,8947.277,-1,0.02599999999983993,BACKFILL_AUTO
2026-04-05 03:01:04,1775358064,BOOM900,8947.275,-1,0.0020000000004074536,BACKFILL_AUTO
2026-04-05 03:01:05,1775358065,BOOM900,8947.275,0,0.0,BACKFILL_AUTO
2026-04-05 03:01:06,1775358066,BOOM900,8947.257,-1,0.018000000000029104,BACKFILL_AUTO
2026-04-05 03:01:07,1775358067,BOOM900,8947.248,-1,0.009000000000014552,BACKFILL_AUTO
2026-04-05 03:01:08,1775358068,BOOM900,8947.246,-1,0.0020000000004074536,BACKFILL_AUTO
2026-04-05 03:01:09,1775358069,BOOM900,8947.234,-1,0.011999999998806743,BACKFILL_AUTO
2026-04-05 03:01:10,1775358070,BOOM900,8947.221,-1,0.01300000000082946,BACKFILL_AUTO
2026-04-05 03:01:11,1775358071,BOOM900,8947.221,0,0.0,BACKFILL_AUTO
2026-04-05 03:01:12,1775358072,BOOM900,8947.202,-1,0.01900000000023283,BACKFILL_AUTO
2026-04-05 03:01:13,1775358073,BOOM900,8947.197,-1,0.004999999999199645,BACKFILL_AUTO
2026-04-05 03:01:14,1775358074,BOOM900,8947.183,-1,0.013999999999214197,BACKFILL_AUTO
2026-04-05 03:01:15,1775358075,BOOM900,8947.18,-1,0.0030000000006111804,BACKFILL_AUTO
2026-04-05 03:01:16,1775358076,BOOM900,8947.171,-1,0.009000000000014552,BACKFILL_AUTO
2026-04-05 03:01:17,1775358077,BOOM900,8947.171,0,0.0,BACKFILL_AUTO
2026-04-05 03:01:18,1775358078,BOOM900,8947.17,-1,0.0010000000002037268,BACKFILL_AUTO
2026-04-05 03:01:19,1775358079,BOOM900,8947.162,-1,0.007999999999810825,BACKFILL_AUTO
2026-04-05 03:01:20,1775358080,BOOM900,8947.162,0,0.0,BACKFILL_AUTO
2026-04-05 03:01:21,1775358081,BOOM900,8947.161,-1,0.0010000000002037268,BACKFILL_AUTO
2026-04-05 03:01:22,1775358082,BOOM900,8947.146,-1,0.014999999999417923,BACKFILL_AUTO
2026-04-05 03:01:23,1775358083,BOOM900,8947.143,-1,0.0030000000006111804,BACKFILL_AUTO
2026-04-05 03:01:24,1775358084,BOOM900,8947.139,-1,0.004000000000814907,BACKFILL_AUTO
2026-04-05 03:01:25,1775358085,BOOM900,8947.139,0,0.0,BACKFILL_AUTO
2026-04-05 03:01:26,1775358086,BOOM900,8947.121,-1,0.018000000000029104,BACKFILL_AUTO
2026-04-05 03:01:27,1775358087,BOOM900,8947.111,-1,0.00999999999839929,BACKFILL_AUTO
2026-04-05 03:01:28,1775358088,BOOM900,8947.11,-1,0.0010000000002037268,BACKFILL_AUTO
2026-04-05 03:01:29,1775358089,BOOM900,8947.103,-1,0.007000000001426088,BACKFILL_AUTO
2026-04-05 03:01:30,1775358090,BOOM900,8947.095,-1,0.007999999999810825,BACKFILL_AUTO
2026-04-05 03:01:31,1775358091,BOOM900,8947.09,-1,0.004999999999199645,BACKFILL_AUTO
2026-04-05 03:01:32,1775358092,BOOM900,8947.073,-1,0.016999999999825377,BACKFILL_AUTO
2026-04-05 03:01:33,1775358093,BOOM900,8947.044,-1,0.02900000000045111,BACKFILL_AUTO
2026-04-05 03:01:34,1775358094,BOOM900,8947.022,-1,0.02199999999902502,BACKFILL_AUTO
2026-04-05 03:01:35,1775358095,BOOM900,8947.022,0,0.0,BACKFILL_AUTO
2026-04-05 03:01:36,1775358096,BOOM900,8947.021,-1,0.0010000000002037268,BACKFILL_AUTO
2026-04-05 03:01:37,1775358097,BOOM900,8947.005,-1,0.01600000000144064,BACKFILL_AUTO
2026-04-05 03:01:38,1775358098,BOOM900,8946.992,-1,0.01299999999901047,BACKFILL_AUTO
2026-04-05 03:01:39,1775358099,BOOM900,8946.978,-1,0.014000000001033186,BACKFILL_AUTO
2026-04-05 03:01:40,1775358100,BOOM900,8946.951,-1,0.027000000000043656,BACKFILL_AUTO
2026-04-05 03:01:41,1775358101,BOOM900,8946.945,-1,0.0059999999994033715,BACKFILL_AUTO
2026-04-05 03:01:42,1775358102,BOOM900,8946.931,-1,0.013999999999214197,BACKFILL_AUTO
2026-04-05 03:01:43,1775358103,BOOM900,8946.931,0,0.0,BACKFILL_AUTO
2026-04-05 03:01:44,1775358104,BOOM900,8946.908,-1,0.023000000001047738,BACKFILL_AUTO
2026-04-05 03:01:45,1775358105,BOOM900,8946.896,-1,0.011999999998806743,BACKFILL_AUTO
2026-04-05 03:01:46,1775358106,BOOM900,8946.892,-1,0.004000000000814907,BACKFILL_AUTO
2026-04-05 03:01:47,1775358107,BOOM900,8946.891,-1,0.0010000000002037268,BACKFILL_AUTO
2026-04-05 03:01:48,1775358108,BOOM900,8946.888,-1,0.002999999998792191,BACKFILL_AUTO
2026-04-05 03:01:49,1775358109,BOOM900,8946.873,-1,0.015000000001236913,BACKFILL_AUTO
2026-04-05 03:01:50,1775358110,BOOM900,8946.866,-1,0.006999999999607098,BACKFILL_AUTO
2026-04-05 03:01:51,1775358111,BOOM900,8946.846,-1,0.020000000000436557,BACKFILL_AUTO
2026-04-05 03:01:52,1775358112,BOOM900,8946.841,-1,0.004999999999199645,BACKFILL_AUTO
2026-04-05 03:01:53,1775358113,BOOM900,8946.823,-1,0.018000000000029104,BACKFILL_AUTO
2026-04-05 03:01:54,1775358114,BOOM900,8946.808,-1,0.014999999999417923,BACKFILL_AUTO
2026-04-05 03:01:55,1775358115,BOOM900,8946.798,-1,0.010000000000218279,BACKFILL_AUTO
2026-04-05 03:01:56,1775358116,BOOM900,8946.795,-1,0.0030000000006111804,BACKFILL_AUTO
2026-04-05 03:01:57,1775358117,BOOM900,8946.794,-1,0.0010000000002037268,BACKFILL_AUTO
2026-04-05 03:01:58,1775358118,BOOM900,8946.788,-1,0.0059999999994033715,BACKFILL_AUTO
2026-04-05 03:01:59,1775358119,BOOM900,8946.772,-1,0.01599999999962165,BACKFILL_AUTO
2026-04-05 03:02:00,1775358120,BOOM900,8946.759,-1,0.01300000000082946,BACKFILL_AUTO
2026-04-05 03:02:01,1775358121,BOOM900,8946.74,-1,0.01900000000023283,BACKFILL_AUTO
2026-04-05 03:02:02,1775358122,BOOM900,8946.735,-1,0.004999999999199645,BACKFILL_AUTO
2026-04-05 03:02:03,1775358123,BOOM900,8946.726,-1,0.009000000000014552,BACKFILL_AUTO
2026-04-05 03:02:04,1775358124,BOOM900,8946.726,0,0.0,BACKFILL_AUTO
2026-04-05 03:02:05,1775358125,BOOM900,8946.715,-1,0.011000000000422006,BACKFILL_AUTO
2026-04-05 03:02:06,1775358126,BOOM900,8946.694,-1,0.021000000000640284,BACKFILL_AUTO
2026-04-05 03:02:07,1775358127,BOOM900,8946.658,-1,0.03600000000005821,BACKFILL_AUTO
2026-04-05 03:02:08,1775358128,BOOM900,8946.656,-1,0.0019999999985884642,BACKFILL_AUTO
2026-04-05 03:02:09,1775358129,BOOM900,8946.643,-1,0.01300000000082946,BACKFILL_AUTO
2026-04-05 03:02:10,1775358130,BOOM900,8946.639,-1,0.004000000000814907,BACKFILL_AUTO
2026-04-05 03:02:11,1775358131,BOOM900,8946.631,-1,0.007999999999810825,BACKFILL_AUTO
2026-04-05 03:02:12,1775358132,BOOM900,8946.625,-1,0.0059999999994033715,BACKFILL_AUTO
2026-04-05 03:02:13,1775358133,BOOM900,8946.622,-1,0.0030000000006111804,BACKFILL_AUTO
2026-04-05 03:02:14,1775358134,BOOM900,8946.615,-1,0.006999999999607098,BACKFILL_AUTO
2026-04-05 03:02:15,1775358135,BOOM900,8946.609,-1,0.0059999999994033715,BACKFILL_AUTO
2026-04-05 03:02:16,1775358136,BOOM900,8946.6,-1,0.009000000000014552,BACKFILL_AUTO
2026-04-05 03:02:17,1775358137,BOOM900,8946.599,-1,0.0010000000002037268,BACKFILL_AUTO
2026-04-05 03:02:18,1775358138,BOOM900,8946.592,-1,0.006999999999607098,BACKFILL_AUTO
2026-04-05 03:02:19,1775358139,BOOM900,8946.587,-1,0.005000000001018634,BACKFILL_AUTO
2026-04-05 03:02:20,1775358140,BOOM900,8946.579,-1,0.007999999999810825,BACKFILL_AUTO
2026-04-05 03:02:21,1775358141,BOOM900,8946.566,-1,0.01299999999901047,BACKFILL_AUTO
2026-04-05 03:02:22,1775358142,BOOM900,8946.561,-1,0.005000000001018634,BACKFILL_AUTO
2026-04-05 03:02:23,1775358143,BOOM900,8946.554,-1,0.006999999999607098,BACKFILL_AUTO
2026-04-05 03:02:24,1775358144,BOOM900,8946.547,-1,0.006999999999607098,BACKFILL_AUTO
2026-04-05 03:02:25,1775358145,BOOM900,8946.545,-1,0.0020000000004074536,BACKFILL_AUTO
2026-04-05 03:02:26,1775358146,BOOM900,8946.543,-1,0.0020000000004074536,BACKFILL_AUTO
2026-04-05 03:02:27,1775358147,BOOM900,8946.537,-1,0.0059999999994033715,BACKFILL_AUTO
2026-04-05 03:02:28,1775358148,BOOM900,8946.525,-1,0.012000000000625732,BACKFILL_AUTO
2026-04-05 03:02:29,1775358149,BOOM900,8946.515,-1,0.010000000000218279,BACKFILL_AUTO
2026-04-05 03:02:30,1775358150,BOOM900,8946.498,-1,0.016999999999825377,BACKFILL_AUTO
2026-04-05 03:02:31,1775358151,BOOM900,8946.479,-1,0.01900000000023283,BACKFILL_AUTO
2026-04-05 03:02:32,1775358152,BOOM900,8946.473,-1,0.0059999999994033715,BACKFILL_AUTO
2026-04-05 03:02:33,1775358153,BOOM900,8946.462,-1,0.011000000000422006,BACKFILL_AUTO
2026-04-05 03:02:34,1775358154,BOOM900,8946.448,-1,0.013999999999214197,BACKFILL_AUTO
2026-04-05 03:02:35,1775358155,BOOM900,8946.437,-1,0.011000000000422006,BACKFILL_AUTO
2026-04-05 03:02:36,1775358156,BOOM900,8946.418,-1,0.01900000000023283,BACKFILL_AUTO
2026-04-05 03:02:37,1775358157,BOOM900,8946.414,-1,0.003999999998995918,BACKFILL_AUTO
2026-04-05 03:02:38,1775358158,BOOM900,8946.406,-1,0.007999999999810825,BACKFILL_AUTO
2026-04-05 03:02:39,1775358159,BOOM900,8946.383,-1,0.023000000001047738,BACKFILL_AUTO
2026-04-05 03:02:40,1775358160,BOOM900,8946.367,-1,0.01599999999962165,BACKFILL_AUTO
2026-04-05 03:02:41,1775358161,BOOM900,8946.364,-1,0.0030000000006111804,BACKFILL_AUTO
2026-04-05 03:02:42,1775358162,BOOM900,8946.347,-1,0.016999999999825377,BACKFILL_AUTO
2026-04-05 03:02:43,1775358163,BOOM900,8946.343,-1,0.003999999998995918,BACKFILL_AUTO
2026-04-05 03:02:44,1775358164,BOOM900,8946.34,-1,0.0030000000006111804,BACKFILL_AUTO
2026-04-05 03:02:45,1775358165,BOOM900,8946.337,-1,0.0030000000006111804,BACKFILL_AUTO
2026-04-05 03:02:46,1775358166,BOOM900,8946.328,-1,0.009000000000014552,BACKFILL_AUTO
2026-04-05 03:02:47,1775358167,BOOM900,8946.324,-1,0.003999999998995918,BACKFILL_AUTO
2026-04-05 03:02:48,1775358168,BOOM900,8946.317,-1,0.007000000001426088,BACKFILL_AUTO
2026-04-05 03:02:49,1775358169,BOOM900,8946.3,-1,0.016999999999825377,BACKFILL_AUTO
2026-04-05 03:02:50,1775358170,BOOM900,8946.29,-1,0.00999999999839929,BACKFILL_AUTO
2026-04-05 03:02:51,1775358171,BOOM900,8946.274,-1,0.01600000000144064,BACKFILL_AUTO
2026-04-05 03:02:52,1775358172,BOOM900,8946.266,-1,0.007999999999810825,BACKFILL_AUTO
2026-04-05 03:02:53,1775358173,BOOM900,8946.249,-1,0.016999999999825377,BACKFILL_AUTO
2026-04-05 03:02:54,1775358174,BOOM900,8946.245,-1,0.003999999998995918,BACKFILL_AUTO
2026-04-05 03:02:55,1775358175,BOOM900,8946.24,-1,0.005000000001018634,BACKFILL_AUTO
2026-04-05 03:02:56,1775358176,BOOM900,8946.238,-1,0.0020000000004074536,BACKFILL_AUTO
2026-04-05 03:02:57,1775358177,BOOM900,8946.232,-1,0.0059999999994033715,BACKFILL_AUTO
2026-04-05 03:02:58,1775358178,BOOM900,8946.227,-1,0.004999999999199645,BACKFILL_AUTO
2026-04-05 03:02:59,1775358179,BOOM900,8946.217,-1,0.010000000000218279,BACKFILL_AUTO
2026-04-05 03:03:00,1775358180,BOOM900,8946.207,-1,0.010000000000218279,BACKFILL_AUTO
2026-04-05 03:03:01,1775358181,BOOM900,8946.188,-1,0.01900000000023283,BACKFILL_AUTO
2026-04-05 03:03:02,1775358182,BOOM900,8946.174,-1,0.013999999999214197,BACKFILL_AUTO
2026-04-05 03:03:03,1775358183,BOOM900,8946.172,-1,0.0020000000004074536,BACKFILL_AUTO
2026-04-05 03:03:04,1775358184,BOOM900,8946.169,-1,0.0030000000006111804,BACKFILL_AUTO
2026-04-05 03:03:05,1775358185,BOOM900,8946.164,-1,0.004999999999199645,BACKFILL_AUTO
2026-04-05 03:03:06,1775358186,BOOM900,8946.147,-1,0.016999999999825377,BACKFILL_AUTO
2026-04-05 03:03:07,1775358187,BOOM900,8946.147,0,0.0,BACKFILL_AUTO
2026-04-05 03:03:08,1775358188,BOOM900,8946.142,-1,0.005000000001018634,BACKFILL_AUTO
2026-04-05 03:03:09,1775358189,BOOM900,8946.12,-1,0.02199999999902502,BACKFILL_AUTO
2026-04-05 03:03:10,1775358190,BOOM900,8946.11,-1,0.010000000000218279,BACKFILL_AUTO
2026-04-05 03:03:11,1775358191,BOOM900,8946.093,-1,0.016999999999825377,BACKFILL_AUTO
2026-04-05 03:03:12,1775358192,BOOM900,8946.076,-1,0.017000000001644366,BACKFILL_AUTO
2026-04-05 03:03:13,1775358193,BOOM900,8946.071,-1,0.004999999999199645,BACKFILL_AUTO
2026-04-05 03:03:14,1775358194,BOOM900,8946.043,-1,0.028000000000247383,BACKFILL_AUTO
2026-04-05 03:03:15,1775358195,BOOM900,8946.042,-1,0.0010000000002037268,BACKFILL_AUTO
2026-04-05 03:03:16,1775358196,BOOM900,8946.034,-1,0.007999999999810825,BACKFILL_AUTO
2026-04-05 03:03:17,1775358197,BOOM900,8946.02,-1,0.013999999999214197,BACKFILL_AUTO
2026-04-05 03:03:18,1775358198,BOOM900,8946.015,-1,0.005000000001018634,BACKFILL_AUTO
2026-04-05 03:03:19,1775358199,BOOM900,8946.014,-1,0.0010000000002037268,BACKFILL_AUTO
2026-04-05 03:03:20,1775358200,BOOM900,8945.993,-1,0.020999999998821295,BACKFILL_AUTO
2026-04-05 03:03:21,1775358201,BOOM900,8945.992,-1,0.0010000000002037268,BACKFILL_AUTO
2026-04-05 03:03:22,1775358202,BOOM900,8945.977,-1,0.014999999999417923,BACKFILL_AUTO
2026-04-05 03:03:23,1775358203,BOOM900,8945.968,-1,0.009000000000014552,BACKFILL_AUTO
2026-04-05 03:03:24,1775358204,BOOM900,8945.949,-1,0.01900000000023283,BACKFILL_AUTO
2026-04-05 03:03:25,1775358205,BOOM900,8945.942,-1,0.007000000001426088,BACKFILL_AUTO
2026-04-05 03:03:26,1775358206,BOOM900,8945.936,-1,0.0059999999994033715,BACKFILL_AUTO
2026-04-05 03:03:27,1775358207,BOOM900,8945.929,-1,0.006999999999607098,BACKFILL_AUTO
2026-04-05 03:03:28,1775358208,BOOM900,8945.915,-1,0.013999999999214197,BACKFILL_AUTO
2026-04-05 03:03:29,1775358209,BOOM900,8945.914,-1,0.0010000000002037268,BACKFILL_AUTO
2026-04-05 03:03:30,1775358210,BOOM900,8945.902,-1,0.012000000000625732,BACKFILL_AUTO
2026-04-05 03:03:31,1775358211,BOOM900,8945.888,-1,0.013999999999214197,BACKFILL_AUTO
2026-04-05 03:03:32,1775358212,BOOM900,8945.882,-1,0.006000000001222361,BACKFILL_AUTO
2026-04-05 03:03:33,1775358213,BOOM900,8945.861,-1,0.020999999998821295,BACKFILL_AUTO
2026-04-05 03:03:34,1775358214,BOOM900,8945.857,-1,0.004000000000814907,BACKFILL_AUTO
2026-04-05 03:03:35,1775358215,BOOM900,8945.853,-1,0.004000000000814907,BACKFILL_AUTO
2026-04-05 03:03:36,1775358216,BOOM900,8945.842,-1,0.010999999998603016,BACKFILL_AUTO
2026-04-05 03:03:37,1775358217,BOOM900,8945.839,-1,0.0030000000006111804,BACKFILL_AUTO
2026-04-05 03:03:38,1775358218,BOOM900,8945.832,-1,0.006999999999607098,BACKFILL_AUTO
2026-04-05 03:03:39,1775358219,BOOM900,8945.821,-1,0.011000000000422006,BACKFILL_AUTO
2026-04-05 03:03:40,1775358220,BOOM900,8945.817,-1,0.004000000000814907,BACKFILL_AUTO
2026-04-05 03:03:41,1775358221,BOOM900,8945.799,-1,0.017999999998210114,BACKFILL_AUTO
2026-04-05 03:03:42,1775358222,BOOM900,8945.771,-1,0.028000000000247383,BACKFILL_AUTO
2026-04-05 03:03:43,1775358223,BOOM900,8945.769,-1,0.0020000000004074536,BACKFILL_AUTO
2026-04-05 03:03:44,1775358224,BOOM900,8945.764,-1,0.005000000001018634,BACKFILL_AUTO
2026-04-05 03:03:45,1775358225,BOOM900,8945.747,-1,0.016999999999825377,BACKFILL_AUTO
2026-04-05 03:03:46,1775358226,BOOM900,8945.743,-1,0.003999999998995918,BACKFILL_AUTO
2026-04-05 03:03:47,1775358227,BOOM900,8945.735,-1,0.007999999999810825,BACKFILL_AUTO
2026-04-05 03:03:48,1775358228,BOOM900,8945.722,-1,0.01300000000082946,BACKFILL_AUTO
2026-04-05 03:03:49,1775358229,BOOM900,8945.704,-1,0.018000000000029104,BACKFILL_AUTO
2026-04-05 03:03:50,1775358230,BOOM900,8945.7,-1,0.003999999998995918,BACKFILL_AUTO
2026-04-05 03:03:51,1775358231,BOOM900,8945.679,-1,0.021000000000640284,BACKFILL_AUTO
2026-04-05 03:03:52,1775358232,BOOM900,8945.673,-1,0.0059999999994033715,BACKFILL_AUTO
2026-04-05 03:03:53,1775358233,BOOM900,8945.66,-1,0.01300000000082946,BACKFILL_AUTO
2026-04-05 03:03:54,1775358234,BOOM900,8945.646,-1,0.013999999999214197,BACKFILL_AUTO
2026-04-05 03:03:55,1775358235,BOOM900,8945.639,-1,0.007000000001426088,BACKFILL_AUTO
2026-04-05 03:03:56,1775358236,BOOM900,8945.618,-1,0.020999999998821295,BACKFILL_AUTO
2026-04-05 03:03:57,1775358237,BOOM900,8945.614,-1,0.004000000000814907,BACKFILL_AUTO
2026-04-05 03:03:58,1775358238,BOOM900,8945.597,-1,0.016999999999825377,BACKFILL_AUTO
2026-04-05 03:03:59,1775358239,BOOM900,8945.594,-1,0.0030000000006111804,BACKFILL_AUTO
2026-04-05 03:04:00,1775358240,BOOM900,8945.577,-1,0.016999999999825377,BACKFILL_AUTO
2026-04-05 03:04:01,1775358241,BOOM900,8945.569,-1,0.007999999999810825,BACKFILL_AUTO
2026-04-05 03:04:02,1775358242,BOOM900,8945.56,-1,0.009000000000014552,BACKFILL_AUTO
2026-04-05 03:04:03,1775358243,BOOM900,8945.542,-1,0.018000000000029104,BACKFILL_AUTO
2026-04-05 03:04:04,1775358244,BOOM900,8945.532,-1,0.010000000000218279,BACKFILL_AUTO
2026-04-05 03:04:05,1775358245,BOOM900,8945.521,-1,0.010999999998603016,BACKFILL_AUTO
2026-04-05 03:04:06,1775358246,BOOM900,8945.499,-1,0.02200000000084401,BACKFILL_AUTO
2026-04-05 03:04:07,1775358247,BOOM900,8945.494,-1,0.004999999999199645,BACKFILL_AUTO
2026-04-05 03:04:08,1775358248,BOOM900,8945.458,-1,0.03600000000005821,BACKFILL_AUTO
2026-04-05 03:04:09,1775358249,BOOM900,8945.454,-1,0.004000000000814907,BACKFILL_AUTO
2026-04-05 03:04:10,1775358250,BOOM900,8945.434,-1,0.020000000000436557,BACKFILL_AUTO
2026-04-05 03:04:11,1775358251,BOOM900,8945.426,-1,0.007999999999810825,BACKFILL_AUTO
2026-04-05 03:04:12,1775358252,BOOM900,8945.408,-1,0.018000000000029104,BACKFILL_AUTO
2026-04-05 03:04:13,1775358253,BOOM900,8945.404,-1,0.003999999998995918,BACKFILL_AUTO
2026-04-05 03:04:14,1775358254,BOOM900,8945.402,-1,0.0020000000004074536,BACKFILL_AUTO
2026-04-05 03:04:15,1775358255,BOOM900,8945.389,-1,0.01300000000082946,BACKFILL_AUTO
2026-04-05 03:04:16,1775358256,BOOM900,8945.376,-1,0.01299999999901047,BACKFILL_AUTO
2026-04-05 03:04:17,1775358257,BOOM900,8945.357,-1,0.01900000000023283,BACKFILL_AUTO
2026-04-05 03:04:18,1775358258,BOOM900,8945.347,-1,0.010000000000218279,BACKFILL_AUTO
2026-04-05 03:04:19,1775358259,BOOM900,8945.333,-1,0.013999999999214197,BACKFILL_AUTO
2026-04-05 03:04:20,1775358260,BOOM900,8945.326,-1,0.007000000001426088,BACKFILL_AUTO
2026-04-05 03:04:21,1775358261,BOOM900,8945.321,-1,0.004999999999199645,BACKFILL_AUTO
2026-04-05 03:04:22,1775358262,BOOM900,8945.3,-1,0.021000000000640284,BACKFILL_AUTO
2026-04-05 03:04:23,1775358263,BOOM900,8945.29,-1,0.00999999999839929,BACKFILL_AUTO
2026-04-05 03:04:24,1775358264,BOOM900,8945.282,-1,0.008000000001629815,BACKFILL_AUTO
2026-04-05 03:04:25,1775358265,BOOM900,8945.261,-1,0.020999999998821295,BACKFILL_AUTO
2026-04-05 03:04:26,1775358266,BOOM900,8945.256,-1,0.005000000001018634,BACKFILL_AUTO
2026-04-05 03:04:27,1775358267,BOOM900,8945.251,-1,0.004999999999199645,BACKFILL_AUTO
2026-04-05 03:04:28,1775358268,BOOM900,8945.242,-1,0.009000000000014552,BACKFILL_AUTO
2026-04-05 03:04:29,1775358269,BOOM900,8945.24,-1,0.0020000000004074536,BACKFILL_AUTO
2026-04-05 03:04:30,1775358270,BOOM900,8945.224,-1,0.01599999999962165,BACKFILL_AUTO
2026-04-05 03:04:31,1775358271,BOOM900,8945.223,-1,0.0010000000002037268,BACKFILL_AUTO
2026-04-05 03:04:32,1775358272,BOOM900,8945.211,-1,0.012000000000625732,BACKFILL_AUTO
2026-04-05 03:04:33,1775358273,BOOM900,8945.194,-1,0.016999999999825377,BACKFILL_AUTO
2026-04-05 03:04:34,1775358274,BOOM900,8945.187,-1,0.006999999999607098,BACKFILL_AUTO
2026-04-05 03:04:35,1775358275,BOOM900,8945.177,-1,0.010000000000218279,BACKFILL_AUTO
2026-04-05 03:04:36,1775358276,BOOM900,8945.174,-1,0.002999999998792191,BACKFILL_AUTO
2026-04-05 03:04:37,1775358277,BOOM900,8945.161,-1,0.01300000000082946,BACKFILL_AUTO
2026-04-05 03:04:38,1775358278,BOOM900,8945.145,-1,0.01599999999962165,BACKFILL_AUTO
2026-04-05 03:04:39,1775358279,BOOM900,8945.123,-1,0.02200000000084401,BACKFILL_AUTO
2026-04-05 03:04:40,1775358280,BOOM900,8945.122,-1,0.0010000000002037268,BACKFILL_AUTO
2026-04-05 03:04:41,1775358281,BOOM900,8945.109,-1,0.01299999999901047,BACKFILL_AUTO
2026-04-05 03:04:42,1775358282,BOOM900,8945.102,-1,0.006999999999607098,BACKFILL_AUTO
2026-04-05 03:04:43,1775358283,BOOM900,8945.096,-1,0.006000000001222361,BACKFILL_AUTO
2026-04-05 03:04:44,1775358284,BOOM900,8945.077,-1,0.01900000000023283,BACKFILL_AUTO
2026-04-05 03:04:45,1775358285,BOOM900,8945.073,-1,0.003999999998995918,BACKFILL_AUTO
2026-04-05 03:04:46,1775358286,BOOM900,8945.069,-1,0.004000000000814907,BACKFILL_AUTO
2026-04-05 03:04:47,1775358287,BOOM900,8945.054,-1,0.014999999999417923,BACKFILL_AUTO
2026-04-05 03:04:48,1775358288,BOOM900,8945.051,-1,0.0030000000006111804,BACKFILL_AUTO
2026-04-05 03:04:49,1775358289,BOOM900,8945.046,-1,0.004999999999199645,BACKFILL_AUTO
2026-04-05 03:04:50,1775358290,BOOM900,8945.045,-1,0.0010000000002037268,BACKFILL_AUTO
2026-04-05 03:04:51,1775358291,BOOM900,8945.041,-1,0.004000000000814907,BACKFILL_AUTO
2026-04-05 03:04:52,1775358292,BOOM900,8945.033,-1,0.007999999999810825,BACKFILL_AUTO
2026-04-05 03:04:53,1775358293,BOOM900,8945.027,-1,0.0059999999994033715,BACKFILL_AUTO
2026-04-05 03:04:54,1775358294,BOOM900,8945.016,-1,0.011000000000422006,BACKFILL_AUTO
2026-04-05 03:04:55,1775358295,BOOM900,8945.01,-1,0.0059999999994033715,BACKFILL_AUTO
2026-04-05 03:04:56,1775358296,BOOM900,8944.994,-1,0.01599999999962165,BACKFILL_AUTO
2026-04-05 03:04:57,1775358297,BOOM900,8944.994,0,0.0,BACKFILL_AUTO
2026-04-05 03:04:58,1775358298,BOOM900,8944.989,-1,0.005000000001018634,BACKFILL_AUTO
2026-04-05 03:04:59,1775358299,BOOM900,8944.979,-1,0.010000000000218279,BACKFILL_AUTO
2026-04-05 03:05:00,1775358300,BOOM900,8944.968,-1,0.010999999998603016,BACKFILL_AUTO
2026-04-05 03:05:01,1775358301,BOOM900,8944.966,-1,0.0020000000004074536,BACKFILL_AUTO
2026-04-05 03:05:02,1775358302,BOOM900,8944.943,-1,0.023000000001047738,BACKFILL_AUTO
2026-04-05 03:05:03,1775358303,BOOM900,8944.94,-1,0.002999999998792191,BACKFILL_AUTO
2026-04-05 03:05:04,1775358304,BOOM900,8944.92,-1,0.020000000000436557,BACKFILL_AUTO
2026-04-05 03:05:05,1775358305,BOOM900,8944.907,-1,0.01300000000082946,BACKFILL_AUTO
2026-04-05 03:05:06,1775358306,BOOM900,8944.888,-1,0.01899999999841384,BACKFILL_AUTO
2026-04-05 03:05:07,1775358307,BOOM900,8944.883,-1,0.005000000001018634,BACKFILL_AUTO
2026-04-05 03:05:08,1775358308,BOOM900,8944.855,-1,0.028000000000247383,BACKFILL_AUTO
2026-04-05 03:05:09,1775358309,BOOM900,8944.849,-1,0.0059999999994033715,BACKFILL_AUTO
2026-04-05 03:05:10,1775358310,BOOM900,8944.838,-1,0.011000000000422006,BACKFILL_AUTO
2026-04-05 03:05:11,1775358311,BOOM900,8944.825,-1,0.01299999999901047,BACKFILL_AUTO
2026-04-05 03:05:12,1775358312,BOOM900,8944.81,-1,0.015000000001236913,BACKFILL_AUTO
2026-04-05 03:05:13,1775358313,BOOM900,8944.803,-1,0.006999999999607098,BACKFILL_AUTO
2026-04-05 03:05:14,1775358314,BOOM900,8944.778,-1,0.024999999999636202,BACKFILL_AUTO
2026-04-05 03:05:15,1775358315,BOOM900,8944.75,-1,0.028000000000247383,BACKFILL_AUTO
2026-04-05 03:05:16,1775358316,BOOM900,8944.743,-1,0.006999999999607098,BACKFILL_AUTO
2026-04-05 03:05:17,1775358317,BOOM900,8944.74,-1,0.0030000000006111804,BACKFILL_AUTO
2026-04-05 03:05:18,1775358318,BOOM900,8944.738,-1,0.0020000000004074536,BACKFILL_AUTO
2026-04-05 03:05:19,1775358319,BOOM900,8944.736,-1,0.0019999999985884642,BACKFILL_AUTO
2026-04-05 03:05:20,1775358320,BOOM900,8944.723,-1,0.01300000000082946,BACKFILL_AUTO
2026-04-05 03:05:21,1775358321,BOOM900,8944.719,-1,0.004000000000814907,BACKFILL_AUTO
2026-04-05 03:05:22,1775358322,BOOM900,8944.71,-1,0.009000000000014552,BACKFILL_AUTO
2026-04-05 03:05:23,1775358323,BOOM900,8944.709,-1,0.0009999999983847374,BACKFILL_AUTO
2026-04-05 03:05:24,1775358324,BOOM900,8944.702,-1,0.007000000001426088,BACKFILL_AUTO
2026-04-05 03:05:25,1775358325,BOOM900,8944.691,-1,0.010999999998603016,BACKFILL_AUTO
2026-04-05 03:05:26,1775358326,BOOM900,8944.674,-1,0.016999999999825377,BACKFILL_AUTO
2026-04-05 03:05:27,1775358327,BOOM900,8944.672,-1,0.0020000000004074536,BACKFILL_AUTO
2026-04-05 03:05:28,1775358328,BOOM900,8944.666,-1,0.006000000001222361,BACKFILL_AUTO
2026-04-05 03:05:29,1775358329,BOOM900,8944.647,-1,0.01899999999841384,BACKFILL_AUTO
2026-04-05 03:05:30,1775358330,BOOM900,8944.638,-1,0.009000000000014552,BACKFILL_AUTO
2026-04-05 03:05:31,1775358331,BOOM900,8944.619,-1,0.01900000000023283,BACKFILL_AUTO
2026-04-05 03:05:32,1775358332,BOOM900,8944.616,-1,0.0030000000006111804,BACKFILL_AUTO
2026-04-05 03:05:33,1775358333,BOOM900,8944.613,-1,0.0030000000006111804,BACKFILL_AUTO
2026-04-05 03:05:34,1775358334,BOOM900,8944.609,-1,0.003999999998995918,BACKFILL_AUTO
2026-04-05 03:05:35,1775358335,BOOM900,8944.602,-1,0.006999999999607098,BACKFILL_AUTO
2026-04-05 03:05:36,1775358336,BOOM900,8944.601,-1,0.0010000000002037268,BACKFILL_AUTO
2026-04-05 03:05:37,1775358337,BOOM900,8944.601,0,0.0,BACKFILL_AUTO
2026-04-05 03:05:38,1775358338,BOOM900,8944.586,-1,0.015000000001236913,BACKFILL_AUTO
2026-04-05 03:05:39,1775358339,BOOM900,8944.585,-1,0.0010000000002037268,BACKFILL_AUTO
2026-04-05 03:05:40,1775358340,BOOM900,8944.581,-1,0.003999999998995918,BACKFILL_AUTO
2026-04-05 03:05:41,1775358341,BOOM900,8944.575,-1,0.0059999999994033715,BACKFILL_AUTO
2026-04-05 03:05:42,1775358342,BOOM900,8944.566,-1,0.009000000000014552,BACKFILL_AUTO
2026-04-05 03:05:43,1775358343,BOOM900,8944.558,-1,0.007999999999810825,BACKFILL_AUTO
2026-04-05 03:05:44,1775358344,BOOM900,8944.556,-1,0.0020000000004074536,BACKFILL_AUTO
2026-04-05 03:05:45,1775358345,BOOM900,8944.553,-1,0.0030000000006111804,BACKFILL_AUTO
2026-04-05 03:05:46,1775358346,BOOM900,8944.525,-1,0.028000000000247383,BACKFILL_AUTO
2026-04-05 03:05:47,1775358347,BOOM900,8944.518,-1,0.006999999999607098,BACKFILL_AUTO
2026-04-05 03:05:48,1775358348,BOOM900,8944.501,-1,0.016999999999825377,BACKFILL_AUTO
2026-04-05 03:05:49,1775358349,BOOM900,8944.49,-1,0.011000000000422006,BACKFILL_AUTO
2026-04-05 03:05:50,1775358350,BOOM900,8944.477,-1,0.01299999999901047,BACKFILL_AUTO
2026-04-05 03:05:51,1775358351,BOOM900,8944.469,-1,0.008000000001629815,BACKFILL_AUTO
2026-04-05 03:05:52,1775358352,BOOM900,8944.464,-1,0.004999999999199645,BACKFILL_AUTO
2026-04-05 03:05:53,1775358353,BOOM900,8944.448,-1,0.01599999999962165,BACKFILL_AUTO
2026-04-05 03:05:54,1775358354,BOOM900,8944.429,-1,0.01900000000023283,BACKFILL_AUTO
2026-04-05 03:05:55,1775358355,BOOM900,8944.409,-1,0.020000000000436557,BACKFILL_AUTO
2026-04-05 03:05:56,1775358356,BOOM900,8944.393,-1,0.01599999999962165,BACKFILL_AUTO
2026-04-05 03:05:57,1775358357,BOOM900,8944.373,-1,0.020000000000436557,BACKFILL_AUTO
2026-04-05 03:05:58,1775358358,BOOM900,8944.357,-1,0.01599999999962165,BACKFILL_AUTO
2026-04-05 03:05:59,1775358359,BOOM900,8944.343,-1,0.013999999999214197,BACKFILL_AUTO
2026-04-05 03:06:00,1775358360,BOOM900,8944.32,-1,0.023000000001047738,BACKFILL_AUTO
2026-04-05 03:06:01,1775358361,BOOM900,8944.314,-1,0.0059999999994033715,BACKFILL_AUTO
2026-04-05 03:06:02,1775358362,BOOM900,8944.299,-1,0.014999999999417923,BACKFILL_AUTO
2026-04-05 03:06:03,1775358363,BOOM900,8944.299,0,0.0,BACKFILL_AUTO
2026-04-05 03:06:04,1775358364,BOOM900,8944.285,-1,0.014000000001033186,BACKFILL_AUTO
2026-04-05 03:06:05,1775358365,BOOM900,8944.28,-1,0.004999999999199645,BACKFILL_AUTO
2026-04-05 03:06:06,1775358366,BOOM900,8944.265,-1,0.015000000001236913,BACKFILL_AUTO
2026-04-05 03:06:07,1775358367,BOOM900,8944.253,-1,0.011999999998806743,BACKFILL_AUTO
2026-04-05 03:06:08,1775358368,BOOM900,8944.25,-1,0.0030000000006111804,BACKFILL_AUTO
2026-04-05 03:06:09,1775358369,BOOM900,8944.25,0,0.0,BACKFILL_AUTO
2026-04-05 03:06:10,1775358370,BOOM900,8944.228,-1,0.02200000000084401,BACKFILL_AUTO
2026-04-05 03:06:11,1775358371,BOOM900,8944.228,0,0.0,BACKFILL_AUTO
2026-04-05 03:06:12,1775358372,BOOM900,8944.226,-1,0.0019999999985884642,BACKFILL_AUTO
2026-04-05 03:06:13,1775358373,BOOM900,8944.208,-1,0.018000000000029104,BACKFILL_AUTO
2026-04-05 03:06:14,1775358374,BOOM900,8944.205,-1,0.0030000000006111804,BACKFILL_AUTO
2026-04-05 03:06:15,1775358375,BOOM900,8944.186,-1,0.01900000000023283,BACKFILL_AUTO
2026-04-05 03:06:16,1775358376,BOOM900,8944.181,-1,0.004999999999199645,BACKFILL_AUTO
2026-04-05 03:06:17,1775358377,BOOM900,8944.178,-1,0.0030000000006111804,BACKFILL_AUTO
2026-04-05 03:06:18,1775358378,BOOM900,8944.174,-1,0.003999999998995918,BACKFILL_AUTO
2026-04-05 03:06:19,1775358379,BOOM900,8944.161,-1,0.01300000000082946,BACKFILL_AUTO
2026-04-05 03:06:20,1775358380,BOOM900,8944.159,-1,0.0020000000004074536,BACKFILL_AUTO
2026-04-05 03:06:21,1775358381,BOOM900,8944.142,-1,0.016999999999825377,BACKFILL_AUTO
2026-04-05 03:06:22,1775358382,BOOM900,8944.127,-1,0.014999999999417923,BACKFILL_AUTO
2026-04-05 03:06:23,1775358383,BOOM900,8944.118,-1,0.009000000000014552,BACKFILL_AUTO
2026-04-05 03:06:24,1775358384,BOOM900,8944.107,-1,0.011000000000422006,BACKFILL_AUTO
2026-04-05 03:06:25,1775358385,BOOM900,8944.107,0,0.0,BACKFILL_AUTO
2026-04-05 03:06:26,1775358386,BOOM900,8944.088,-1,0.01900000000023283,BACKFILL_AUTO
2026-04-05 03:06:27,1775358387,BOOM900,8944.081,-1,0.006999999999607098,BACKFILL_AUTO
2026-04-05 03:06:28,1775358388,BOOM900,8944.077,-1,0.004000000000814907,BACKFILL_AUTO
2026-04-05 03:06:29,1775358389,BOOM900,8944.053,-1,0.023999999999432475,BACKFILL_AUTO
2026-04-05 03:06:30,1775358390,BOOM900,8944.037,-1,0.01599999999962165,BACKFILL_AUTO
2026-04-05 03:06:31,1775358391,BOOM900,8944.032,-1,0.005000000001018634,BACKFILL_AUTO
2026-04-05 03:06:32,1775358392,BOOM900,8944.026,-1,0.0059999999994033715,BACKFILL_AUTO
2026-04-05 03:06:33,1775358393,BOOM900,8944.012,-1,0.013999999999214197,BACKFILL_AUTO
2026-04-05 03:06:34,1775358394,BOOM900,8944.007,-1,0.005000000001018634,BACKFILL_AUTO
2026-04-05 03:06:35,1775358395,BOOM900,8943.996,-1,0.011000000000422006,BACKFILL_AUTO
2026-04-05 03:06:36,1775358396,BOOM900,8943.973,-1,0.02299999999922875,BACKFILL_AUTO
2026-04-05 03:06:37,1775358397,BOOM900,8943.942,-1,0.031000000000858563,BACKFILL_AUTO
2026-04-05 03:06:38,1775358398,BOOM900,8943.925,-1,0.016999999999825377,BACKFILL_AUTO
2026-04-05 03:06:39,1775358399,BOOM900,8943.899,-1,0.02599999999983993,BACKFILL_AUTO
2026-04-05 03:06:40,1775358400,BOOM900,8943.888,-1,0.010999999998603016,BACKFILL_AUTO
2026-04-05 03:06:41,1775358401,BOOM900,8943.881,-1,0.007000000001426088,BACKFILL_AUTO
2026-04-05 03:06:42,1775358402,BOOM900,8943.875,-1,0.0059999999994033715,BACKFILL_AUTO
2026-04-05 03:06:43,1775358403,BOOM900,8943.873,-1,0.0020000000004074536,BACKFILL_AUTO
2026-04-05 03:06:44,1775358404,BOOM900,8943.862,-1,0.011000000000422006,BACKFILL_AUTO
2026-04-05 03:06:45,1775358405,BOOM900,8943.861,-1,0.0009999999983847374,BACKFILL_AUTO
2026-04-05 03:06:46,1775358406,BOOM900,8943.855,-1,0.006000000001222361,BACKFILL_AUTO
2026-04-05 03:06:47,1775358407,BOOM900,8943.832,-1,0.02299999999922875,BACKFILL_AUTO
2026-04-05 03:06:48,1775358408,BOOM900,8943.832,0,0.0,BACKFILL_AUTO
2026-04-05 03:06:49,1775358409,BOOM900,8943.819,-1,0.01300000000082946,BACKFILL_AUTO
2026-04-05 03:06:50,1775358410,BOOM900,8943.809,-1,0.010000000000218279,BACKFILL_AUTO
2026-04-05 03:06:51,1775358411,BOOM900,8943.794,-1,0.014999999999417923,BACKFILL_AUTO
2026-04-05 03:06:52,1775358412,BOOM900,8943.784,-1,0.010000000000218279,BACKFILL_AUTO
2026-04-05 03:06:53,1775358413,BOOM900,8943.776,-1,0.007999999999810825,BACKFILL_AUTO
2026-04-05 03:06:54,1775358414,BOOM900,8943.771,-1,0.004999999999199645,BACKFILL_AUTO
2026-04-05 03:06:55,1775358415,BOOM900,8943.764,-1,0.007000000001426088,BACKFILL_AUTO
2026-04-05 03:06:56,1775358416,BOOM900,8943.74,-1,0.023999999999432475,BACKFILL_AUTO
2026-04-05 03:06:57,1775358417,BOOM900,8943.721,-1,0.01900000000023283,BACKFILL_AUTO
2026-04-05 03:06:58,1775358418,BOOM900,8943.711,-1,0.010000000000218279,BACKFILL_AUTO
2026-04-05 03:06:59,1775358419,BOOM900,8943.691,-1,0.019999999998617568,BACKFILL_AUTO
2026-04-05 03:07:00,1775358420,BOOM900,8943.679,-1,0.012000000000625732,BACKFILL_AUTO
2026-04-05 03:07:01,1775358421,BOOM900,8943.664,-1,0.014999999999417923,BACKFILL_AUTO
2026-04-05 03:07:02,1775358422,BOOM900,8943.65,-1,0.014000000001033186,BACKFILL_AUTO
2026-04-05 03:07:03,1775358423,BOOM900,8943.633,-1,0.016999999999825377,BACKFILL_AUTO
2026-04-05 03:07:04,1775358424,BOOM900,8943.631,-1,0.0020000000004074536,BACKFILL_AUTO
2026-04-05 03:07:05,1775358425,BOOM900,8943.626,-1,0.004999999999199645,BACKFILL_AUTO
2026-04-05 03:07:06,1775358426,BOOM900,8943.621,-1,0.005000000001018634,BACKFILL_AUTO
2026-04-05 03:07:07,1775358427,BOOM900,8943.597,-1,0.023999999999432475,BACKFILL_AUTO
2026-04-05 03:07:08,1775358428,BOOM900,8943.595,-1,0.0020000000004074536,BACKFILL_AUTO
2026-04-05 03:07:09,1775358429,BOOM900,8943.589,-1,0.0059999999994033715,BACKFILL_AUTO
2026-04-05 03:07:10,1775358430,BOOM900,8943.587,-1,0.0020000000004074536,BACKFILL_AUTO
2026-04-05 03:07:11,1775358431,BOOM900,8943.572,-1,0.014999999999417923,BACKFILL_AUTO
2026-04-05 03:07:12,1775358432,BOOM900,8943.564,-1,0.007999999999810825,BACKFILL_AUTO
2026-04-05 03:07:13,1775358433,BOOM900,8943.554,-1,0.010000000000218279,BACKFILL_AUTO
2026-04-05 03:07:14,1775358434,BOOM900,8943.545,-1,0.009000000000014552,BACKFILL_AUTO
2026-04-05 03:07:15,1775358435,BOOM900,8943.544,-1,0.0010000000002037268,BACKFILL_AUTO
2026-04-05 03:07:16,1775358436,BOOM900,8943.542,-1,0.0020000000004074536,BACKFILL_AUTO
2026-04-05 03:07:17,1775358437,BOOM900,8943.536,-1,0.0059999999994033715,BACKFILL_AUTO
2026-04-05 03:07:18,1775358438,BOOM900,8943.522,-1,0.013999999999214197,BACKFILL_AUTO
2026-04-05 03:07:19,1775358439,BOOM900,8943.509,-1,0.01300000000082946,BACKFILL_AUTO
2026-04-05 03:07:20,1775358440,BOOM900,8943.491,-1,0.018000000000029104,BACKFILL_AUTO
2026-04-05 03:07:21,1775358441,BOOM900,8943.48,-1,0.011000000000422006,BACKFILL_AUTO
2026-04-05 03:07:22,1775358442,BOOM900,8943.48,0,0.0,BACKFILL_AUTO
2026-04-05 03:07:23,1775358443,BOOM900,8943.477,-1,0.002999999998792191,BACKFILL_AUTO
2026-04-05 03:07:24,1775358444,BOOM900,8943.469,-1,0.008000000001629815,BACKFILL_AUTO
2026-04-05 03:07:25,1775358445,BOOM900,8943.453,-1,0.01599999999962165,BACKFILL_AUTO
2026-04-05 03:07:26,1775358446,BOOM900,8943.428,-1,0.024999999999636202,BACKFILL_AUTO
2026-04-05 03:07:27,1775358447,BOOM900,8943.414,-1,0.013999999999214197,BACKFILL_AUTO
2026-04-05 03:07:28,1775358448,BOOM900,8943.395,-1,0.01900000000023283,BACKFILL_AUTO
2026-04-05 03:07:29,1775358449,BOOM900,8943.383,-1,0.012000000000625732,BACKFILL_AUTO
2026-04-05 03:07:30,1775358450,BOOM900,8943.366,-1,0.016999999999825377,BACKFILL_AUTO
2026-04-05 03:07:31,1775358451,BOOM900,8943.36,-1,0.0059999999994033715,BACKFILL_AUTO
2026-04-05 03:07:32,1775358452,BOOM900,8943.358,-1,0.0020000000004074536,BACKFILL_AUTO
2026-04-05 03:07:33,1775358453,BOOM900,8943.349,-1,0.009000000000014552,BACKFILL_AUTO
2026-04-05 03:07:34,1775358454,BOOM900,8943.326,-1,0.023000000001047738,BACKFILL_AUTO
2026-04-05 03:07:35,1775358455,BOOM900,8943.319,-1,0.006999999999607098,BACKFILL_AUTO
2026-04-05 03:07:36,1775358456,BOOM900,8943.316,-1,0.002999999998792191,BACKFILL_AUTO
2026-04-05 03:07:37,1775358457,BOOM900,8943.304,-1,0.012000000000625732,BACKFILL_AUTO
2026-04-05 03:07:38,1775358458,BOOM900,8943.295,-1,0.009000000000014552,BACKFILL_AUTO
2026-04-05 03:07:39,1775358459,BOOM900,8943.282,-1,0.01300000000082946,BACKFILL_AUTO
2026-04-05 03:07:40,1775358460,BOOM900,8943.273,-1,0.009000000000014552,BACKFILL_AUTO
2026-04-05 03:07:41,1775358461,BOOM900,8943.255,-1,0.018000000000029104,BACKFILL_AUTO
2026-04-05 03:07:42,1775358462,BOOM900,8943.254,-1,0.0009999999983847374,BACKFILL_AUTO
2026-04-05 03:07:43,1775358463,BOOM900,8943.25,-1,0.004000000000814907,BACKFILL_AUTO
2026-04-05 03:07:44,1775358464,BOOM900,8943.249,-1,0.0010000000002037268,BACKFILL_AUTO
2026-04-05 03:07:45,1775358465,BOOM900,8943.244,-1,0.004999999999199645,BACKFILL_AUTO
2026-04-05 03:07:46,1775358466,BOOM900,8943.235,-1,0.009000000000014552,BACKFILL_AUTO
2026-04-05 03:07:47,1775358467,BOOM900,8943.224,-1,0.011000000000422006,BACKFILL_AUTO
2026-04-05 03:07:48,1775358468,BOOM900,8943.224,0,0.0,BACKFILL_AUTO
2026-04-05 03:07:49,1775358469,BOOM900,8943.213,-1,0.011000000000422006,BACKFILL_AUTO
2026-04-05 03:07:50,1775358470,BOOM900,8943.199,-1,0.013999999999214197,BACKFILL_AUTO
2026-04-05 03:07:51,1775358471,BOOM900,8943.19,-1,0.009000000000014552,BACKFILL_AUTO
2026-04-05 03:07:52,1775358472,BOOM900,8943.178,-1,0.012000000000625732,BACKFILL_AUTO
2026-04-05 03:07:53,1775358473,BOOM900,8943.169,-1,0.009000000000014552,BACKFILL_AUTO
2026-04-05 03:07:54,1775358474,BOOM900,8943.159,-1,0.010000000000218279,BACKFILL_AUTO
2026-04-05 03:07:55,1775358475,BOOM900,8943.148,-1,0.011000000000422006,BACKFILL_AUTO
2026-04-05 03:07:56,1775358476,BOOM900,8943.137,-1,0.010999999998603016,BACKFILL_AUTO
2026-04-05 03:07:57,1775358477,BOOM900,8943.124,-1,0.01300000000082946,BACKFILL_AUTO
2026-04-05 03:07:58,1775358478,BOOM900,8943.103,-1,0.021000000000640284,BACKFILL_AUTO
2026-04-05 03:07:59,1775358479,BOOM900,8943.09,-1,0.01299999999901047,BACKFILL_AUTO
2026-04-05 03:08:00,1775358480,BOOM900,8943.084,-1,0.0059999999994033715,BACKFILL_AUTO
2026-04-05 03:08:01,1775358481,BOOM900,8943.079,-1,0.005000000001018634,BACKFILL_AUTO
2026-04-05 03:08:02,1775358482,BOOM900,8943.066,-1,0.01299999999901047,BACKFILL_AUTO
2026-04-05 03:08:03,1775358483,BOOM900,8943.065,-1,0.0010000000002037268,BACKFILL_AUTO
2026-04-05 03:08:04,1775358484,BOOM900,8943.055,-1,0.010000000000218279,BACKFILL_AUTO
2026-04-05 03:08:05,1775358485,BOOM900,8943.044,-1,0.011000000000422006,BACKFILL_AUTO
2026-04-05 03:08:06,1775358486,BOOM900,8943.026,-1,0.018000000000029104,BACKFILL_AUTO
2026-04-05 03:08:07,1775358487,BOOM900,8943.026,0,0.0,BACKFILL_AUTO
2026-04-05 03:08:08,1775358488,BOOM900,8943.023,-1,0.0030000000006111804,BACKFILL_AUTO
2026-04-05 03:08:09,1775358489,BOOM900,8943.023,0,0.0,BACKFILL_AUTO
2026-04-05 03:08:10,1775358490,BOOM900,8943.011,-1,0.011999999998806743,BACKFILL_AUTO
2026-04-05 03:08:11,1775358491,BOOM900,8942.995,-1,0.01599999999962165,BACKFILL_AUTO
2026-04-05 03:08:12,1775358492,BOOM900,8942.979,-1,0.01600000000144064,BACKFILL_AUTO
2026-04-05 03:08:13,1775358493,BOOM900,8942.963,-1,0.01599999999962165,BACKFILL_AUTO
2026-04-05 03:08:14,1775358494,BOOM900,8942.939,-1,0.023999999999432475,BACKFILL_AUTO
2026-04-05 03:08:15,1775358495,BOOM900,8942.931,-1,0.007999999999810825,BACKFILL_AUTO
2026-04-05 03:08:16,1775358496,BOOM900,8942.916,-1,0.015000000001236913,BACKFILL_AUTO
2026-04-05 03:08:17,1775358497,BOOM900,8942.912,-1,0.003999999998995918,BACKFILL_AUTO
2026-04-05 03:08:18,1775358498,BOOM900,8942.907,-1,0.005000000001018634,BACKFILL_AUTO
2026-04-05 03:08:19,1775358499,BOOM900,8942.899,-1,0.007999999999810825,BACKFILL_AUTO
2026-04-05 03:08:20,1775358500,BOOM900,8942.899,0,0.0,BACKFILL_AUTO
2026-04-05 03:08:21,1775358501,BOOM900,8942.881,-1,0.018000000000029104,BACKFILL_AUTO
2026-04-05 03:08:22,1775358502,BOOM900,8942.879,-1,0.0019999999985884642,BACKFILL_AUTO
2026-04-05 03:08:23,1775358503,BOOM900,8942.874,-1,0.005000000001018634,BACKFILL_AUTO
2026-04-05 03:08:24,1775358504,BOOM900,8942.867,-1,0.006999999999607098,BACKFILL_AUTO
2026-04-05 03:08:25,1775358505,BOOM900,8942.844,-1,0.023000000001047738,BACKFILL_AUTO
2026-04-05 03:08:26,1775358506,BOOM900,8942.833,-1,0.010999999998603016,BACKFILL_AUTO
2026-04-05 03:08:27,1775358507,BOOM900,8942.821,-1,0.012000000000625732,BACKFILL_AUTO
2026-04-05 03:08:28,1775358508,BOOM900,8942.816,-1,0.004999999999199645,BACKFILL_AUTO
2026-04-05 03:08:29,1775358509,BOOM900,8942.796,-1,0.020000000000436557,BACKFILL_AUTO
2026-04-05 03:08:30,1775358510,BOOM900,8942.777,-1,0.01900000000023283,BACKFILL_AUTO
2026-04-05 03:08:31,1775358511,BOOM900,8942.754,-1,0.02299999999922875,BACKFILL_AUTO
2026-04-05 03:08:32,1775358512,BOOM900,8942.746,-1,0.008000000001629815,BACKFILL_AUTO
2026-04-05 03:08:33,1775358513,BOOM900,8942.737,-1,0.009000000000014552,BACKFILL_AUTO
2026-04-05 03:08:34,1775358514,BOOM900,8942.735,-1,0.0019999999985884642,BACKFILL_AUTO
2026-04-05 03:08:35,1775358515,BOOM900,8942.727,-1,0.007999999999810825,BACKFILL_AUTO
2026-04-05 03:08:36,1775358516,BOOM900,8942.712,-1,0.015000000001236913,BACKFILL_AUTO
2026-04-05 03:08:37,1775358517,BOOM900,8942.702,-1,0.010000000000218279,BACKFILL_AUTO
2026-04-05 03:08:38,1775358518,BOOM900,8942.676,-1,0.02599999999983993,BACKFILL_AUTO
2026-04-05 03:08:39,1775358519,BOOM900,8942.662,-1,0.013999999999214197,BACKFILL_AUTO
2026-04-05 03:08:40,1775358520,BOOM900,8942.657,-1,0.005000000001018634,BACKFILL_AUTO
2026-04-05 03:08:41,1775358521,BOOM900,8942.652,-1,0.004999999999199645,BACKFILL_AUTO
2026-04-05 03:08:42,1775358522,BOOM900,8942.637,-1,0.014999999999417923,BACKFILL_AUTO
2026-04-05 03:08:43,1775358523,BOOM900,8942.635,-1,0.0020000000004074536,BACKFILL_AUTO
2026-04-05 03:08:44,1775358524,BOOM900,8942.633,-1,0.0020000000004074536,BACKFILL_AUTO
2026-04-05 03:08:45,1775358525,BOOM900,8942.631,-1,0.0020000000004074536,BACKFILL_AUTO
2026-04-05 03:08:46,1775358526,BOOM900,8942.617,-1,0.013999999999214197,BACKFILL_AUTO
2026-04-05 03:08:47,1775358527,BOOM900,8942.616,-1,0.0010000000002037268,BACKFILL_AUTO
2026-04-05 03:08:48,1775358528,BOOM900,8942.61,-1,0.0059999999994033715,BACKFILL_AUTO
2026-04-05 03:08:49,1775358529,BOOM900,8942.587,-1,0.023000000001047738,BACKFILL_AUTO
2026-04-05 03:08:50,1775358530,BOOM900,8942.568,-1,0.01900000000023283,BACKFILL_AUTO
2026-04-05 03:08:51,1775358531,BOOM900,8942.56,-1,0.007999999999810825,BACKFILL_AUTO
2026-04-05 03:08:52,1775358532,BOOM900,8942.553,-1,0.006999999999607098,BACKFILL_AUTO
2026-04-05 03:08:53,1775358533,BOOM900,8942.534,-1,0.01900000000023283,BACKFILL_AUTO
2026-04-05 03:08:54,1775358534,BOOM900,8942.53,-1,0.003999999998995918,BACKFILL_AUTO
2026-04-05 03:08:55,1775358535,BOOM900,8942.515,-1,0.015000000001236913,BACKFILL_AUTO
2026-04-05 03:08:56,1775358536,BOOM900,8942.488,-1,0.027000000000043656,BACKFILL_AUTO
2026-04-05 03:08:57,1775358537,BOOM900,8942.484,-1,0.003999999998995918,BACKFILL_AUTO
2026-04-05 03:08:58,1775358538,BOOM900,8942.477,-1,0.006999999999607098,BACKFILL_AUTO
2026-04-05 03:08:59,1775358539,BOOM900,8942.474,-1,0.0030000000006111804,BACKFILL_AUTO
2026-04-05 03:09:00,1775358540,BOOM900,8942.457,-1,0.016999999999825377,BACKFILL_AUTO
2026-04-05 03:09:01,1775358541,BOOM900,8942.448,-1,0.009000000000014552,BACKFILL_AUTO
2026-04-05 03:09:02,1775358542,BOOM900,8942.443,-1,0.005000000001018634,BACKFILL_AUTO
2026-04-05 03:09:03,1775358543,BOOM900,8942.442,-1,0.0010000000002037268,BACKFILL_AUTO
2026-04-05 03:09:04,1775358544,BOOM900,8942.438,-1,0.003999999998995918,BACKFILL_AUTO
2026-04-05 03:09:05,1775358545,BOOM900,8942.422,-1,0.01599999999962165,BACKFILL_AUTO
2026-04-05 03:09:06,1775358546,BOOM900,8942.413,-1,0.009000000000014552,BACKFILL_AUTO
2026-04-05 03:09:07,1775358547,BOOM900,8942.4,-1,0.01300000000082946,BACKFILL_AUTO
2026-04-05 03:09:08,1775358548,BOOM900,8942.395,-1,0.004999999999199645,BACKFILL_AUTO
2026-04-05 03:09:09,1775358549,BOOM900,8942.39,-1,0.005000000001018634,BACKFILL_AUTO
2026-04-05 03:09:10,1775358550,BOOM900,8942.385,-1,0.004999999999199645,BACKFILL_AUTO
2026-04-05 03:09:11,1775358551,BOOM900,8942.375,-1,0.010000000000218279,BACKFILL_AUTO
2026-04-05 03:09:12,1775358552,BOOM900,8942.362,-1,0.01300000000082946,BACKFILL_AUTO
2026-04-05 03:09:13,1775358553,BOOM900,8942.348,-1,0.013999999999214197,BACKFILL_AUTO
2026-04-05 03:09:14,1775358554,BOOM900,8942.329,-1,0.01900000000023283,BACKFILL_AUTO
2026-04-05 03:09:15,1775358555,BOOM900,8942.322,-1,0.006999999999607098,BACKFILL_AUTO
2026-04-05 03:09:16,1775358556,BOOM900,8942.312,-1,0.010000000000218279,BACKFILL_AUTO
2026-04-05 03:09:17,1775358557,BOOM900,8942.303,-1,0.009000000000014552,BACKFILL_AUTO
2026-04-05 03:09:18,1775358558,BOOM900,8942.287,-1,0.01599999999962165,BACKFILL_AUTO
2026-04-05 03:09:19,1775358559,BOOM900,8942.284,-1,0.0030000000006111804,BACKFILL_AUTO
2026-04-05 03:09:20,1775358560,BOOM900,8942.278,-1,0.0059999999994033715,BACKFILL_AUTO
2026-04-05 03:09:21,1775358561,BOOM900,8942.274,-1,0.004000000000814907,BACKFILL_AUTO
2026-04-05 03:09:22,1775358562,BOOM900,8942.273,-1,0.0010000000002037268,BACKFILL_AUTO
2026-04-05 03:09:23,1775358563,BOOM900,8942.264,-1,0.009000000000014552,BACKFILL_AUTO
2026-04-05 03:09:24,1775358564,BOOM900,8942.255,-1,0.009000000000014552,BACKFILL_AUTO
2026-04-05 03:09:25,1775358565,BOOM900,8942.244,-1,0.010999999998603016,BACKFILL_AUTO
2026-04-05 03:09:26,1775358566,BOOM900,8942.239,-1,0.005000000001018634,BACKFILL_AUTO
2026-04-05 03:09:27,1775358567,BOOM900,8942.238,-1,0.0010000000002037268,BACKFILL_AUTO
2026-04-05 03:09:28,1775358568,BOOM900,8942.235,-1,0.002999999998792191,BACKFILL_AUTO
2026-04-05 03:09:29,1775358569,BOOM900,8942.225,-1,0.010000000000218279,BACKFILL_AUTO
2026-04-05 03:09:30,1775358570,BOOM900,8942.221,-1,0.004000000000814907,BACKFILL_AUTO
2026-04-05 03:09:31,1775358571,BOOM900,8942.201,-1,0.020000000000436557,BACKFILL_AUTO
2026-04-05 03:09:32,1775358572,BOOM900,8942.195,-1,0.0059999999994033715,BACKFILL_AUTO
2026-04-05 03:09:33,1775358573,BOOM900,8942.195,0,0.0,BACKFILL_AUTO
2026-04-05 03:09:34,1775358574,BOOM900,8942.18,-1,0.014999999999417923,BACKFILL_AUTO
2026-04-05 03:09:35,1775358575,BOOM900,8942.166,-1,0.014000000001033186,BACKFILL_AUTO
2026-04-05 03:09:36,1775358576,BOOM900,8942.157,-1,0.009000000000014552,BACKFILL_AUTO
2026-04-05 03:09:37,1775358577,BOOM900,8942.148,-1,0.009000000000014552,BACKFILL_AUTO
2026-04-05 03:09:38,1775358578,BOOM900,8942.129,-1,0.01899999999841384,BACKFILL_AUTO
2026-04-05 03:09:39,1775358579,BOOM900,8942.102,-1,0.027000000000043656,BACKFILL_AUTO
2026-04-05 03:09:40,1775358580,BOOM900,8942.094,-1,0.008000000001629815,BACKFILL_AUTO
2026-04-05 03:09:41,1775358581,BOOM900,8942.085,-1,0.009000000000014552,BACKFILL_AUTO
2026-04-05 03:09:42,1775358582,BOOM900,8942.083,-1,0.0019999999985884642,BACKFILL_AUTO
2026-04-05 03:09:43,1775358583,BOOM900,8942.062,-1,0.021000000000640284,BACKFILL_AUTO
2026-04-05 03:09:44,1775358584,BOOM900,8942.049,-1,0.01299999999901047,BACKFILL_AUTO
2026-04-05 03:09:45,1775358585,BOOM900,8942.045,-1,0.004000000000814907,BACKFILL_AUTO
2026-04-05 03:09:46,1775358586,BOOM900,8942.018,-1,0.027000000000043656,BACKFILL_AUTO
2026-04-05 03:09:47,1775358587,BOOM900,8942.016,-1,0.0020000000004074536,BACKFILL_AUTO
2026-04-05 03:09:48,1775358588,BOOM900,8941.999,-1,0.016999999999825377,BACKFILL_AUTO
2026-04-05 03:09:49,1775358589,BOOM900,8941.985,-1,0.013999999999214197,BACKFILL_AUTO
2026-04-05 03:09:50,1775358590,BOOM900,8941.969,-1,0.01600000000144064,BACKFILL_AUTO
2026-04-05 03:09:51,1775358591,BOOM900,8941.964,-1,0.004999999999199645,BACKFILL_AUTO
2026-04-05 03:09:52,1775358592,BOOM900,8941.939,-1,0.024999999999636202,BACKFILL_AUTO
2026-04-05 03:09:53,1775358593,BOOM900,8941.912,-1,0.027000000000043656,BACKFILL_AUTO
2026-04-05 03:09:54,1775358594,BOOM900,8941.899,-1,0.01300000000082946,BACKFILL_AUTO
2026-04-05 03:09:55,1775358595,BOOM900,8941.894,-1,0.004999999999199645,BACKFILL_AUTO
2026-04-05 03:09:56,1775358596,BOOM900,8941.89,-1,0.004000000000814907,BACKFILL_AUTO
2026-04-05 03:09:57,1775358597,BOOM900,8941.887,-1,0.002999999998792191,BACKFILL_AUTO
2026-04-05 03:09:58,1775358598,BOOM900,8941.881,-1,0.006000000001222361,BACKFILL_AUTO
2026-04-05 03:09:59,1775358599,BOOM900,8941.878,-1,0.002999999998792191,BACKFILL_AUTO
2026-04-05 03:10:00,1775358600,BOOM900,8941.871,-1,0.007000000001426088,BACKFILL_AUTO
2026-04-05 03:10:01,1775358601,BOOM900,8941.857,-1,0.013999999999214197,BACKFILL_AUTO
2026-04-05 03:10:02,1775358602,BOOM900,8941.84,-1,0.016999999999825377,BACKFILL_AUTO
2026-04-05 03:10:03,1775358603,BOOM900,8941.827,-1,0.01300000000082946,BACKFILL_AUTO
2026-04-05 03:10:04,1775358604,BOOM900,8941.81,-1,0.016999999999825377,BACKFILL_AUTO
2026-04-05 03:10:05,1775358605,BOOM900,8941.792,-1,0.018000000000029104,BACKFILL_AUTO
2026-04-05 03:10:06,1775358606,BOOM900,8941.783,-1,0.009000000000014552,BACKFILL_AUTO
2026-04-05 03:10:07,1775358607,BOOM900,8941.778,-1,0.004999999999199645,BACKFILL_AUTO
2026-04-05 03:10:08,1775358608,BOOM900,8941.765,-1,0.01300000000082946,BACKFILL_AUTO
2026-04-05 03:10:09,1775358609,BOOM900,8941.756,-1,0.009000000000014552,BACKFILL_AUTO
2026-04-05 03:10:10,1775358610,BOOM900,8941.755,-1,0.0010000000002037268,BACKFILL_AUTO
2026-04-05 03:10:11,1775358611,BOOM900,8941.746,-1,0.009000000000014552,BACKFILL_AUTO
2026-04-05 03:10:12,1775358612,BOOM900,8941.733,-1,0.01299999999901047,BACKFILL_AUTO
2026-04-05 03:10:13,1775358613,BOOM900,8941.725,-1,0.007999999999810825,BACKFILL_AUTO
2026-04-05 03:10:14,1775358614,BOOM900,8941.722,-1,0.0030000000006111804,BACKFILL_AUTO
2026-04-05 03:10:15,1775358615,BOOM900,8941.715,-1,0.006999999999607098,BACKFILL_AUTO
2026-04-05 03:10:16,1775358616,BOOM900,8941.703,-1,0.012000000000625732,BACKFILL_AUTO
2026-04-05 03:10:17,1775358617,BOOM900,8941.701,-1,0.0020000000004074536,BACKFILL_AUTO
2026-04-05 03:10:18,1775358618,BOOM900,8941.69,-1,0.010999999998603016,BACKFILL_AUTO
2026-04-05 03:10:19,1775358619,BOOM900,8941.677,-1,0.01300000000082946,BACKFILL_AUTO
2026-04-05 03:10:20,1775358620,BOOM900,8941.673,-1,0.003999999998995918,BACKFILL_AUTO
2026-04-05 03:10:21,1775358621,BOOM900,8941.652,-1,0.021000000000640284,BACKFILL_AUTO
2026-04-05 03:10:22,1775358622,BOOM900,8941.637,-1,0.014999999999417923,BACKFILL_AUTO
2026-04-05 03:10:23,1775358623,BOOM900,8941.629,-1,0.007999999999810825,BACKFILL_AUTO
2026-04-05 03:10:24,1775358624,BOOM900,8941.604,-1,0.02500000000145519,BACKFILL_AUTO
2026-04-05 03:10:25,1775358625,BOOM900,8941.6,-1,0.003999999998995918,BACKFILL_AUTO
2026-04-05 03:10:26,1775358626,BOOM900,8941.59,-1,0.010000000000218279,BACKFILL_AUTO
2026-04-05 03:10:27,1775358627,BOOM900,8941.585,-1,0.005000000001018634,BACKFILL_AUTO
2026-04-05 03:10:28,1775358628,BOOM900,8941.578,-1,0.006999999999607098,BACKFILL_AUTO
2026-04-05 03:10:29,1775358629,BOOM900,8941.559,-1,0.01900000000023283,BACKFILL_AUTO
2026-04-05 03:10:30,1775358630,BOOM900,8941.53,-1,0.02899999999863212,BACKFILL_AUTO
2026-04-05 03:10:31,1775358631,BOOM900,8941.52,-1,0.010000000000218279,BACKFILL_AUTO
2026-04-05 03:10:32,1775358632,BOOM900,8941.511,-1,0.009000000000014552,BACKFILL_AUTO
2026-04-05 03:10:33,1775358633,BOOM900,8941.506,-1,0.005000000001018634,BACKFILL_AUTO
2026-04-05 03:10:34,1775358634,BOOM900,8941.498,-1,0.007999999999810825,BACKFILL_AUTO
2026-04-05 03:10:35,1775358635,BOOM900,8941.493,-1,0.004999999999199645,BACKFILL_AUTO
2026-04-05 03:10:36,1775358636,BOOM900,8941.476,-1,0.016999999999825377,BACKFILL_AUTO
2026-04-05 03:10:37,1775358637,BOOM900,8941.472,-1,0.004000000000814907,BACKFILL_AUTO
2026-04-05 03:10:38,1775358638,BOOM900,8941.441,-1,0.030999999999039574,BACKFILL_AUTO
2026-04-05 03:10:39,1775358639,BOOM900,8941.431,-1,0.010000000000218279,BACKFILL_AUTO
2026-04-05 03:10:40,1775358640,BOOM900,8941.427,-1,0.004000000000814907,BACKFILL_AUTO
2026-04-05 03:10:41,1775358641,BOOM900,8941.411,-1,0.01599999999962165,BACKFILL_AUTO
2026-04-05 03:10:42,1775358642,BOOM900,8941.404,-1,0.006999999999607098,BACKFILL_AUTO
2026-04-05 03:10:43,1775358643,BOOM900,8941.385,-1,0.01900000000023283,BACKFILL_AUTO
2026-04-05 03:10:44,1775358644,BOOM900,8941.375,-1,0.010000000000218279,BACKFILL_AUTO
2026-04-05 03:10:45,1775358645,BOOM900,8941.365,-1,0.010000000000218279,BACKFILL_AUTO
2026-04-05 03:10:46,1775358646,BOOM900,8941.361,-1,0.003999999998995918,BACKFILL_AUTO
2026-04-05 03:10:47,1775358647,BOOM900,8941.36,-1,0.0010000000002037268,BACKFILL_AUTO
2026-04-05 03:10:48,1775358648,BOOM900,8941.352,-1,0.007999999999810825,BACKFILL_AUTO
2026-04-05 03:10:49,1775358649,BOOM900,8941.34,-1,0.012000000000625732,BACKFILL_AUTO
2026-04-05 03:10:50,1775358650,BOOM900,8941.32,-1,0.020000000000436557,BACKFILL_AUTO
2026-04-05 03:10:51,1775358651,BOOM900,8941.308,-1,0.011999999998806743,BACKFILL_AUTO
2026-04-05 03:10:52,1775358652,BOOM900,8941.29,-1,0.018000000000029104,BACKFILL_AUTO
2026-04-05 03:10:53,1775358653,BOOM900,8941.29,0,0.0,BACKFILL_AUTO
2026-04-05 03:10:54,1775358654,BOOM900,8941.282,-1,0.008000000001629815,BACKFILL_AUTO
2026-04-05 03:10:55,1775358655,BOOM900,8941.277,-1,0.004999999999199645,BACKFILL_AUTO
2026-04-05 03:10:56,1775358656,BOOM900,8941.276,-1,0.0010000000002037268,BACKFILL_AUTO
2026-04-05 03:10:57,1775358657,BOOM900,8941.258,-1,0.018000000000029104,BACKFILL_AUTO
2026-04-05 03:10:58,1775358658,BOOM900,8941.249,-1,0.009000000000014552,BACKFILL_AUTO
2026-04-05 03:10:59,1775358659,BOOM900,8941.236,-1,0.01299999999901047,BACKFILL_AUTO
2026-04-05 03:11:00,1775358660,BOOM900,8941.227,-1,0.009000000000014552,BACKFILL_AUTO
2026-04-05 03:11:01,1775358661,BOOM900,8941.21,-1,0.017000000001644366,BACKFILL_AUTO
2026-04-05 03:11:02,1775358662,BOOM900,8941.194,-1,0.01599999999962165,BACKFILL_AUTO
2026-04-05 03:11:03,1775358663,BOOM900,8941.185,-1,0.009000000000014552,BACKFILL_AUTO
2026-04-05 03:11:04,1775358664,BOOM900,8941.185,0,0.0,BACKFILL_AUTO
2026-04-05 03:11:05,1775358665,BOOM900,8941.169,-1,0.01599999999962165,BACKFILL_AUTO
2026-04-05 03:11:06,1775358666,BOOM900,8941.163,-1,0.0059999999994033715,BACKFILL_AUTO
2026-04-05 03:11:07,1775358667,BOOM900,8941.152,-1,0.011000000000422006,BACKFILL_AUTO
2026-04-05 03:11:08,1775358668,BOOM900,8941.147,-1,0.004999999999199645,BACKFILL_AUTO
2026-04-05 03:11:09,1775358669,BOOM900,8941.139,-1,0.008000000001629815,BACKFILL_AUTO
2026-04-05 03:11:10,1775358670,BOOM900,8941.11,-1,0.02899999999863212,BACKFILL_AUTO
2026-04-05 03:11:11,1775358671,BOOM900,8941.106,-1,0.004000000000814907,BACKFILL_AUTO
2026-04-05 03:11:12,1775358672,BOOM900,8941.094,-1,0.012000000000625732,BACKFILL_AUTO
2026-04-05 03:11:13,1775358673,BOOM900,8941.074,-1,0.019999999998617568,BACKFILL_AUTO
2026-04-05 03:11:14,1775358674,BOOM900,8941.058,-1,0.01599999999962165,BACKFILL_AUTO
2026-04-05 03:11:15,1775358675,BOOM900,8941.047,-1,0.011000000000422006,BACKFILL_AUTO
2026-04-05 03:11:16,1775358676,BOOM900,8941.045,-1,0.0020000000004074536,BACKFILL_AUTO
2026-04-05 03:11:17,1775358677,BOOM900,8941.043,-1,0.0020000000004074536,BACKFILL_AUTO
2026-04-05 03:11:18,1775358678,BOOM900,8941.033,-1,0.010000000000218279,BACKFILL_AUTO
2026-04-05 03:11:19,1775358679,BOOM900,8941.025,-1,0.007999999999810825,BACKFILL_AUTO
2026-04-05 03:11:20,1775358680,BOOM900,8941.024,-1,0.0010000000002037268,BACKFILL_AUTO
2026-04-05 03:11:21,1775358681,BOOM900,8940.988,-1,0.03600000000005821,BACKFILL_AUTO
2026-04-05 03:11:22,1775358682,BOOM900,8940.979,-1,0.009000000000014552,BACKFILL_AUTO
2026-04-05 03:11:23,1775358683,BOOM900,8940.975,-1,0.003999999998995918,BACKFILL_AUTO
2026-04-05 03:11:24,1775358684,BOOM900,8940.959,-1,0.01599999999962165,BACKFILL_AUTO
2026-04-05 03:11:25,1775358685,BOOM900,8940.944,-1,0.015000000001236913,BACKFILL_AUTO
2026-04-05 03:11:26,1775358686,BOOM900,8940.944,0,0.0,BACKFILL_AUTO
2026-04-05 03:11:27,1775358687,BOOM900,8940.931,-1,0.01299999999901047,BACKFILL_AUTO
2026-04-05 03:11:28,1775358688,BOOM900,8940.911,-1,0.020000000000436557,BACKFILL_AUTO
2026-04-05 03:11:29,1775358689,BOOM900,8940.898,-1,0.01300000000082946,BACKFILL_AUTO
2026-04-05 03:11:30,1775358690,BOOM900,8940.894,-1,0.003999999998995918,BACKFILL_AUTO
2026-04-05 03:11:31,1775358691,BOOM900,8940.888,-1,0.0059999999994033715,BACKFILL_AUTO
2026-04-05 03:11:32,1775358692,BOOM900,8940.867,-1,0.021000000000640284,BACKFILL_AUTO
2026-04-05 03:11:33,1775358693,BOOM900,8940.861,-1,0.0059999999994033715,BACKFILL_AUTO
2026-04-05 03:11:34,1775358694,BOOM900,8940.854,-1,0.007000000001426088,BACKFILL_AUTO
2026-04-05 03:11:35,1775358695,BOOM900,8940.853,-1,0.0010000000002037268,BACKFILL_AUTO
2026-04-05 03:11:36,1775358696,BOOM900,8940.842,-1,0.010999999998603016,BACKFILL_AUTO
2026-04-05 03:11:37,1775358697,BOOM900,8940.83,-1,0.012000000000625732,BACKFILL_AUTO
2026-04-05 03:11:38,1775358698,BOOM900,8940.826,-1,0.004000000000814907,BACKFILL_AUTO
2026-04-05 03:11:39,1775358699,BOOM900,8940.812,-1,0.013999999999214197,BACKFILL_AUTO
2026-04-05 03:11:40,1775358700,BOOM900,8940.805,-1,0.006999999999607098,BACKFILL_AUTO
2026-04-05 03:11:41,1775358701,BOOM900,8940.804,-1,0.0010000000002037268,BACKFILL_AUTO
2026-04-05 03:11:42,1775358702,BOOM900,8940.789,-1,0.014999999999417923,BACKFILL_AUTO
2026-04-05 03:11:43,1775358703,BOOM900,8940.771,-1,0.018000000000029104,BACKFILL_AUTO
2026-04-05 03:11:44,1775358704,BOOM900,8940.77,-1,0.0010000000002037268,BACKFILL_AUTO
2026-04-05 03:11:45,1775358705,BOOM900,8940.76,-1,0.010000000000218279,BACKFILL_AUTO
2026-04-05 03:11:46,1775358706,BOOM900,8940.757,-1,0.0030000000006111804,BACKFILL_AUTO
2026-04-05 03:11:47,1775358707,BOOM900,8940.734,-1,0.02299999999922875,BACKFILL_AUTO
2026-04-05 03:11:48,1775358708,BOOM900,8940.733,-1,0.0010000000002037268,BACKFILL_AUTO
2026-04-05 03:11:49,1775358709,BOOM900,8940.709,-1,0.023999999999432475,BACKFILL_AUTO
2026-04-05 03:11:50,1775358710,BOOM900,8940.703,-1,0.006000000001222361,BACKFILL_AUTO
2026-04-05 03:11:51,1775358711,BOOM900,8940.697,-1,0.0059999999994033715,BACKFILL_AUTO
2026-04-05 03:11:52,1775358712,BOOM900,8940.69,-1,0.006999999999607098,BACKFILL_AUTO
2026-04-05 03:11:53,1775358713,BOOM900,8940.686,-1,0.004000000000814907,BACKFILL_AUTO
2026-04-05 03:11:54,1775358714,BOOM900,8940.685,-1,0.0010000000002037268,BACKFILL_AUTO
2026-04-05 03:11:55,1775358715,BOOM900,8940.684,-1,0.0010000000002037268,BACKFILL_AUTO
2026-04-05 03:11:56,1775358716,BOOM900,8940.677,-1,0.006999999999607098,BACKFILL_AUTO
2026-04-05 03:11:57,1775358717,BOOM900,8940.668,-1,0.009000000000014552,BACKFILL_AUTO
2026-04-05 03:11:58,1775358718,BOOM900,8940.654,-1,0.013999999999214197,BACKFILL_AUTO
2026-04-05 03:11:59,1775358719,BOOM900,8940.638,-1,0.01599999999962165,BACKFILL_AUTO
2026-04-05 03:12:00,1775358720,BOOM900,8940.627,-1,0.011000000000422006,BACKFILL_AUTO
2026-04-05 03:12:01,1775358721,BOOM900,8940.622,-1,0.005000000001018634,BACKFILL_AUTO
2026-04-05 03:12:02,1775358722,BOOM900,8940.62,-1,0.0019999999985884642,BACKFILL_AUTO
2026-04-05 03:12:03,1775358723,BOOM900,8940.617,-1,0.0030000000006111804,BACKFILL_AUTO
2026-04-05 03:12:04,1775358724,BOOM900,8940.598,-1,0.01900000000023283,BACKFILL_AUTO
2026-04-05 03:12:05,1775358725,BOOM900,8940.572,-1,0.02599999999983993,BACKFILL_AUTO
2026-04-05 03:12:06,1775358726,BOOM900,8940.558,-1,0.013999999999214197,BACKFILL_AUTO
2026-04-05 03:12:07,1775358727,BOOM900,8940.552,-1,0.006000000001222361,BACKFILL_AUTO
2026-04-05 03:12:08,1775358728,BOOM900,8940.534,-1,0.018000000000029104,BACKFILL_AUTO
2026-04-05 03:12:09,1775358729,BOOM900,8940.532,-1,0.0020000000004074536,BACKFILL_AUTO
2026-04-05 03:12:10,1775358730,BOOM900,8940.529,-1,0.002999999998792191,BACKFILL_AUTO
2026-04-05 03:12:11,1775358731,BOOM900,8940.524,-1,0.005000000001018634,BACKFILL_AUTO
2026-04-05 03:12:12,1775358732,BOOM900,8940.519,-1,0.004999999999199645,BACKFILL_AUTO
2026-04-05 03:12:13,1775358733,BOOM900,8940.518,-1,0.0010000000002037268,BACKFILL_AUTO
2026-04-05 03:12:14,1775358734,BOOM900,8940.514,-1,0.004000000000814907,BACKFILL_AUTO
2026-04-05 03:12:15,1775358735,BOOM900,8940.506,-1,0.007999999999810825,BACKFILL_AUTO
2026-04-05 03:12:16,1775358736,BOOM900,8940.5,-1,0.0059999999994033715,BACKFILL_AUTO
2026-04-05 03:12:17,1775358737,BOOM900,8940.482,-1,0.018000000000029104,BACKFILL_AUTO
2026-04-05 03:12:18,1775358738,BOOM900,8940.478,-1,0.004000000000814907,BACKFILL_AUTO
2026-04-05 03:12:19,1775358739,BOOM900,8940.462,-1,0.01599999999962165,BACKFILL_AUTO
2026-04-05 03:12:20,1775358740,BOOM900,8940.447,-1,0.014999999999417923,BACKFILL_AUTO
2026-04-05 03:12:21,1775358741,BOOM900,8940.444,-1,0.0030000000006111804,BACKFILL_AUTO
2026-04-05 03:12:22,1775358742,BOOM900,8940.44,-1,0.003999999998995918,BACKFILL_AUTO
2026-04-05 03:12:23,1775358743,BOOM900,8940.437,-1,0.0030000000006111804,BACKFILL_AUTO
2026-04-05 03:12:24,1775358744,BOOM900,8940.423,-1,0.013999999999214197,BACKFILL_AUTO
2026-04-05 03:12:25,1775358745,BOOM900,8940.412,-1,0.011000000000422006,BACKFILL_AUTO
2026-04-05 03:12:26,1775358746,BOOM900,8940.399,-1,0.01300000000082946,BACKFILL_AUTO
2026-04-05 03:12:27,1775358747,BOOM900,8940.396,-1,0.002999999998792191,BACKFILL_AUTO
2026-04-05 03:12:28,1775358748,BOOM900,8940.389,-1,0.007000000001426088,BACKFILL_AUTO
2026-04-05 03:12:29,1775358749,BOOM900,8940.385,-1,0.003999999998995918,BACKFILL_AUTO
2026-04-05 03:12:30,1775358750,BOOM900,8940.383,-1,0.0020000000004074536,BACKFILL_AUTO
2026-04-05 03:12:31,1775358751,BOOM900,8940.372,-1,0.011000000000422006,BACKFILL_AUTO
2026-04-05 03:12:32,1775358752,BOOM900,8940.349,-1,0.02299999999922875,BACKFILL_AUTO
2026-04-05 03:12:33,1775358753,BOOM900,8940.34,-1,0.009000000000014552,BACKFILL_AUTO
2026-04-05 03:12:34,1775358754,BOOM900,8940.333,-1,0.006999999999607098,BACKFILL_AUTO
2026-04-05 03:12:35,1775358755,BOOM900,8940.324,-1,0.009000000000014552,BACKFILL_AUTO
2026-04-05 03:12:36,1775358756,BOOM900,8940.313,-1,0.011000000000422006,BACKFILL_AUTO
2026-04-05 03:12:37,1775358757,BOOM900,8940.311,-1,0.0020000000004074536,BACKFILL_AUTO
2026-04-05 03:12:38,1775358758,BOOM900,8940.303,-1,0.007999999999810825,BACKFILL_AUTO
2026-04-05 03:12:39,1775358759,BOOM900,8940.286,-1,0.016999999999825377,BACKFILL_AUTO
2026-04-05 03:12:40,1775358760,BOOM900,8940.284,-1,0.0020000000004074536,BACKFILL_AUTO
2026-04-05 03:12:41,1775358761,BOOM900,8940.279,-1,0.004999999999199645,BACKFILL_AUTO
2026-04-05 03:12:42,1775358762,BOOM900,8940.264,-1,0.015000000001236913,BACKFILL_AUTO
2026-04-05 03:12:43,1775358763,BOOM900,8940.263,-1,0.0009999999983847374,BACKFILL_AUTO
2026-04-05 03:12:44,1775358764,BOOM900,8940.25,-1,0.01300000000082946,BACKFILL_AUTO
2026-04-05 03:12:45,1775358765,BOOM900,8940.245,-1,0.004999999999199645,BACKFILL_AUTO
2026-04-05 03:12:46,1775358766,BOOM900,8940.24,-1,0.005000000001018634,BACKFILL_AUTO
2026-04-05 03:12:47,1775358767,BOOM900,8940.221,-1,0.01900000000023283,BACKFILL_AUTO
2026-04-05 03:12:48,1775358768,BOOM900,8940.212,-1,0.009000000000014552,BACKFILL_AUTO
2026-04-05 03:12:49,1775358769,BOOM900,8940.206,-1,0.0059999999994033715,BACKFILL_AUTO
2026-04-05 03:12:50,1775358770,BOOM900,8940.189,-1,0.016999999999825377,BACKFILL_AUTO
2026-04-05 03:12:51,1775358771,BOOM900,8940.179,-1,0.010000000000218279,BACKFILL_AUTO
2026-04-05 03:12:52,1775358772,BOOM900,8940.163,-1,0.01599999999962165,BACKFILL_AUTO
2026-04-05 03:12:53,1775358773,BOOM900,8940.159,-1,0.004000000000814907,BACKFILL_AUTO
2026-04-05 03:12:54,1775358774,BOOM900,8940.144,-1,0.014999999999417923,BACKFILL_AUTO
2026-04-05 03:12:55,1775358775,BOOM900,8940.134,-1,0.010000000000218279,BACKFILL_AUTO
2026-04-05 03:12:56,1775358776,BOOM900,8940.117,-1,0.016999999999825377,BACKFILL_AUTO
2026-04-05 03:12:57,1775358777,BOOM900,8940.116,-1,0.0010000000002037268,BACKFILL_AUTO
