timestamp,unix_time,instrument,price,direction,tick_size,session_id
2026-04-05 00:11:11,1775347871,CRASH1000,5590.225,0,,BACKFILL_AUTO
2026-04-05 00:11:12,1775347872,CRASH1000,5590.231,1,0.0059999999994033715,BACKFILL_AUTO
2026-04-05 00:11:13,1775347873,CRASH1000,5590.231,0,0.0,BACKFILL_AUTO
2026-04-05 00:11:14,1775347874,CRASH1000,5590.24,1,0.009000000000014552,BACKFILL_AUTO
2026-04-05 00:11:15,1775347875,CRASH1000,5590.249,1,0.009000000000014552,BACKFILL_AUTO
2026-04-05 00:11:16,1775347876,CRASH1000,5590.255,1,0.006000000000312866,BACKFILL_AUTO
2026-04-05 00:11:17,1775347877,CRASH1000,5590.255,0,0.0,BACKFILL_AUTO
2026-04-05 00:11:18,1775347878,CRASH1000,5590.259,1,0.0039999999999054126,BACKFILL_AUTO
2026-04-05 00:11:19,1775347879,CRASH1000,5590.269,1,0.010000000000218279,BACKFILL_AUTO
2026-04-05 00:11:20,1775347880,CRASH1000,5590.273,1,0.0039999999999054126,BACKFILL_AUTO
2026-04-05 00:11:21,1775347881,CRASH1000,5590.277,1,0.0039999999999054126,BACKFILL_AUTO
2026-04-05 00:11:22,1775347882,CRASH1000,5590.278,1,0.0010000000002037268,BACKFILL_AUTO
2026-04-05 00:11:23,1775347883,CRASH1000,5590.288,1,0.009999999999308784,BACKFILL_AUTO
2026-04-05 00:11:24,1775347884,CRASH1000,5590.293,1,0.005000000000109139,BACKFILL_AUTO
2026-04-05 00:11:25,1775347885,CRASH1000,5590.3,1,0.007000000000516593,BACKFILL_AUTO
2026-04-05 00:11:26,1775347886,CRASH1000,5590.308,1,0.007999999999810825,BACKFILL_AUTO
2026-04-05 00:11:27,1775347887,CRASH1000,5590.309,1,0.0010000000002037268,BACKFILL_AUTO
2026-04-05 00:11:28,1775347888,CRASH1000,5590.319,1,0.010000000000218279,BACKFILL_AUTO
2026-04-05 00:11:29,1775347889,CRASH1000,5590.32,1,0.0009999999992942321,BACKFILL_AUTO
2026-04-05 00:11:30,1775347890,CRASH1000,5590.329,1,0.009000000000014552,BACKFILL_AUTO
2026-04-05 00:11:31,1775347891,CRASH1000,5590.341,1,0.012000000000625732,BACKFILL_AUTO
2026-04-05 00:11:32,1775347892,CRASH1000,5590.343,1,0.001999999999497959,BACKFILL_AUTO
2026-04-05 00:11:33,1775347893,CRASH1000,5590.348,1,0.005000000000109139,BACKFILL_AUTO
2026-04-05 00:11:34,1775347894,CRASH1000,5590.349,1,0.0010000000002037268,BACKFILL_AUTO
2026-04-05 00:11:35,1775347895,CRASH1000,5590.357,1,0.007999999999810825,BACKFILL_AUTO
2026-04-05 00:11:36,1775347896,CRASH1000,5590.364,1,0.006999999999607098,BACKFILL_AUTO
2026-04-05 00:11:37,1775347897,CRASH1000,5590.367,1,0.0030000000006111804,BACKFILL_AUTO
2026-04-05 00:11:38,1775347898,CRASH1000,5590.369,1,0.001999999999497959,BACKFILL_AUTO
2026-04-05 00:11:39,1775347899,CRASH1000,5590.381,1,0.012000000000625732,BACKFILL_AUTO
2026-04-05 00:11:40,1775347900,CRASH1000,5590.387,1,0.0059999999994033715,BACKFILL_AUTO
2026-04-05 00:11:41,1775347901,CRASH1000,5590.4,1,0.012999999999919964,BACKFILL_AUTO
2026-04-05 00:11:42,1775347902,CRASH1000,5590.416,1,0.016000000000531145,BACKFILL_AUTO
2026-04-05 00:11:43,1775347903,CRASH1000,5590.418,1,0.001999999999497959,BACKFILL_AUTO
2026-04-05 00:11:44,1775347904,CRASH1000,5590.429,1,0.011000000000422006,BACKFILL_AUTO
2026-04-05 00:11:45,1775347905,CRASH1000,5590.443,1,0.014000000000123691,BACKFILL_AUTO
2026-04-05 00:11:46,1775347906,CRASH1000,5590.449,1,0.0059999999994033715,BACKFILL_AUTO
2026-04-05 00:11:47,1775347907,CRASH1000,5590.452,1,0.0030000000006111804,BACKFILL_AUTO
2026-04-05 00:11:48,1775347908,CRASH1000,5590.455,1,0.0029999999997016857,BACKFILL_AUTO
2026-04-05 00:11:49,1775347909,CRASH1000,5590.456,1,0.0010000000002037268,BACKFILL_AUTO
2026-04-05 00:11:50,1775347910,CRASH1000,5590.463,1,0.006999999999607098,BACKFILL_AUTO
2026-04-05 00:11:51,1775347911,CRASH1000,5590.467,1,0.0039999999999054126,BACKFILL_AUTO
2026-04-05 00:11:52,1775347912,CRASH1000,5590.469,1,0.0020000000004074536,BACKFILL_AUTO
2026-04-05 00:11:53,1775347913,CRASH1000,5590.477,1,0.007999999999810825,BACKFILL_AUTO
2026-04-05 00:11:54,1775347914,CRASH1000,5590.478,1,0.0010000000002037268,BACKFILL_AUTO
2026-04-05 00:11:55,1775347915,CRASH1000,5590.484,1,0.006000000000312866,BACKFILL_AUTO
2026-04-05 00:11:56,1775347916,CRASH1000,5590.495,1,0.01099999999951251,BACKFILL_AUTO
2026-04-05 00:11:57,1775347917,CRASH1000,5590.499,1,0.0039999999999054126,BACKFILL_AUTO
2026-04-05 00:11:58,1775347918,CRASH1000,5590.514,1,0.015000000000327418,BACKFILL_AUTO
2026-04-05 00:11:59,1775347919,CRASH1000,5590.516,1,0.001999999999497959,BACKFILL_AUTO
2026-04-05 00:12:00,1775347920,CRASH1000,5590.525,1,0.009000000000014552,BACKFILL_AUTO
2026-04-05 00:12:01,1775347921,CRASH1000,5590.533,1,0.00800000000072032,BACKFILL_AUTO
2026-04-05 00:12:02,1775347922,CRASH1000,5590.547,1,0.013999999999214197,BACKFILL_AUTO
2026-04-05 00:12:03,1775347923,CRASH1000,5590.548,1,0.0010000000002037268,BACKFILL_AUTO
2026-04-05 00:12:04,1775347924,CRASH1000,5590.558,1,0.010000000000218279,BACKFILL_AUTO
2026-04-05 00:12:05,1775347925,CRASH1000,5590.565,1,0.006999999999607098,BACKFILL_AUTO
2026-04-05 00:12:06,1775347926,CRASH1000,5590.572,1,0.007000000000516593,BACKFILL_AUTO
2026-04-05 00:12:07,1775347927,CRASH1000,5590.574,1,0.001999999999497959,BACKFILL_AUTO
2026-04-05 00:12:08,1775347928,CRASH1000,5590.582,1,0.00800000000072032,BACKFILL_AUTO
2026-04-05 00:12:09,1775347929,CRASH1000,5590.589,1,0.006999999999607098,BACKFILL_AUTO
2026-04-05 00:12:10,1775347930,CRASH1000,5590.593,1,0.0039999999999054126,BACKFILL_AUTO
2026-04-05 00:12:11,1775347931,CRASH1000,5590.601,1,0.007999999999810825,BACKFILL_AUTO
2026-04-05 00:12:12,1775347932,CRASH1000,5590.608,1,0.007000000000516593,BACKFILL_AUTO
2026-04-05 00:12:13,1775347933,CRASH1000,5590.613,1,0.005000000000109139,BACKFILL_AUTO
2026-04-05 00:12:14,1775347934,CRASH1000,5590.619,1,0.0059999999994033715,BACKFILL_AUTO
2026-04-05 00:12:15,1775347935,CRASH1000,5590.627,1,0.00800000000072032,BACKFILL_AUTO
2026-04-05 00:12:16,1775347936,CRASH1000,5590.631,1,0.0039999999999054126,BACKFILL_AUTO
2026-04-05 00:12:17,1775347937,CRASH1000,5590.633,1,0.001999999999497959,BACKFILL_AUTO
2026-04-05 00:12:18,1775347938,CRASH1000,5590.638,1,0.005000000000109139,BACKFILL_AUTO
2026-04-05 00:12:19,1775347939,CRASH1000,5590.649,1,0.011000000000422006,BACKFILL_AUTO
2026-04-05 00:12:20,1775347940,CRASH1000,5590.653,1,0.0039999999999054126,BACKFILL_AUTO
2026-04-05 00:12:21,1775347941,CRASH1000,5590.661,1,0.007999999999810825,BACKFILL_AUTO
2026-04-05 00:12:22,1775347942,CRASH1000,5590.662,1,0.0010000000002037268,BACKFILL_AUTO
2026-04-05 00:12:23,1775347943,CRASH1000,5590.663,1,0.0009999999992942321,BACKFILL_AUTO
2026-04-05 00:12:24,1775347944,CRASH1000,5590.667,1,0.004000000000814907,BACKFILL_AUTO
2026-04-05 00:12:25,1775347945,CRASH1000,5590.67,1,0.0029999999997016857,BACKFILL_AUTO
2026-04-05 00:12:26,1775347946,CRASH1000,5590.671,1,0.0010000000002037268,BACKFILL_AUTO
2026-04-05 00:12:27,1775347947,CRASH1000,5590.686,1,0.014999999999417923,BACKFILL_AUTO
2026-04-05 00:12:28,1775347948,CRASH1000,5590.694,1,0.00800000000072032,BACKFILL_AUTO
2026-04-05 00:12:29,1775347949,CRASH1000,5590.702,1,0.007999999999810825,BACKFILL_AUTO
2026-04-05 00:12:30,1775347950,CRASH1000,5590.712,1,0.010000000000218279,BACKFILL_AUTO
2026-04-05 00:12:31,1775347951,CRASH1000,5590.718,1,0.0059999999994033715,BACKFILL_AUTO
2026-04-05 00:12:32,1775347952,CRASH1000,5590.723,1,0.005000000000109139,BACKFILL_AUTO
2026-04-05 00:12:33,1775347953,CRASH1000,5590.723,0,0.0,BACKFILL_AUTO
2026-04-05 00:12:34,1775347954,CRASH1000,5590.733,1,0.010000000000218279,BACKFILL_AUTO
2026-04-05 00:12:35,1775347955,CRASH1000,5590.735,1,0.001999999999497959,BACKFILL_AUTO
2026-04-05 00:12:36,1775347956,CRASH1000,5590.735,0,0.0,BACKFILL_AUTO
2026-04-05 00:12:37,1775347957,CRASH1000,5590.746,1,0.011000000000422006,BACKFILL_AUTO
2026-04-05 00:12:38,1775347958,CRASH1000,5590.749,1,0.0029999999997016857,BACKFILL_AUTO
2026-04-05 00:12:39,1775347959,CRASH1000,5590.75,1,0.0010000000002037268,BACKFILL_AUTO
2026-04-05 00:12:40,1775347960,CRASH1000,5590.759,1,0.009000000000014552,BACKFILL_AUTO
2026-04-05 00:12:41,1775347961,CRASH1000,5590.759,0,0.0,BACKFILL_AUTO
2026-04-05 00:12:42,1775347962,CRASH1000,5590.765,1,0.006000000000312866,BACKFILL_AUTO
2026-04-05 00:12:43,1775347963,CRASH1000,5590.768,1,0.0029999999997016857,BACKFILL_AUTO
2026-04-05 00:12:44,1775347964,CRASH1000,5590.768,0,0.0,BACKFILL_AUTO
2026-04-05 00:12:45,1775347965,CRASH1000,5590.769,1,0.0010000000002037268,BACKFILL_AUTO
2026-04-05 00:12:46,1775347966,CRASH1000,5590.771,1,0.001999999999497959,BACKFILL_AUTO
2026-04-05 00:12:47,1775347967,CRASH1000,5590.775,1,0.0039999999999054126,BACKFILL_AUTO
2026-04-05 00:12:48,1775347968,CRASH1000,5590.776,1,0.0010000000002037268,BACKFILL_AUTO
2026-04-05 00:12:49,1775347969,CRASH1000,5590.777,1,0.0010000000002037268,BACKFILL_AUTO
2026-04-05 00:12:50,1775347970,CRASH1000,5590.789,1,0.011999999999716238,BACKFILL_AUTO
2026-04-05 00:12:51,1775347971,CRASH1000,5590.796,1,0.007000000000516593,BACKFILL_AUTO
2026-04-05 00:12:52,1775347972,CRASH1000,5590.802,1,0.0059999999994033715,BACKFILL_AUTO
2026-04-05 00:12:53,1775347973,CRASH1000,5590.805,1,0.0030000000006111804,BACKFILL_AUTO
2026-04-05 00:12:54,1775347974,CRASH1000,5590.812,1,0.006999999999607098,BACKFILL_AUTO
2026-04-05 00:12:55,1775347975,CRASH1000,5590.817,1,0.005000000000109139,BACKFILL_AUTO
2026-04-05 00:12:56,1775347976,CRASH1000,5590.822,1,0.005000000000109139,BACKFILL_AUTO
2026-04-05 00:12:57,1775347977,CRASH1000,5590.839,1,0.016999999999825377,BACKFILL_AUTO
2026-04-05 00:12:58,1775347978,CRASH1000,5590.849,1,0.010000000000218279,BACKFILL_AUTO
2026-04-05 00:12:59,1775347979,CRASH1000,5590.855,1,0.0059999999994033715,BACKFILL_AUTO
2026-04-05 00:13:00,1775347980,CRASH1000,5590.864,1,0.009000000000014552,BACKFILL_AUTO
2026-04-05 00:13:01,1775347981,CRASH1000,5590.865,1,0.0010000000002037268,BACKFILL_AUTO
2026-04-05 00:13:02,1775347982,CRASH1000,5590.867,1,0.0020000000004074536,BACKFILL_AUTO
2026-04-05 00:13:03,1775347983,CRASH1000,5590.868,1,0.0010000000002037268,BACKFILL_AUTO
2026-04-05 00:13:04,1775347984,CRASH1000,5590.884,1,0.01599999999962165,BACKFILL_AUTO
2026-04-05 00:13:05,1775347985,CRASH1000,5590.885,1,0.0010000000002037268,BACKFILL_AUTO
2026-04-05 00:13:06,1775347986,CRASH1000,5590.887,1,0.001999999999497959,BACKFILL_AUTO
2026-04-05 00:13:07,1775347987,CRASH1000,5590.902,1,0.015000000000327418,BACKFILL_AUTO
2026-04-05 00:13:08,1775347988,CRASH1000,5590.907,1,0.005000000000109139,BACKFILL_AUTO
2026-04-05 00:13:09,1775347989,CRASH1000,5590.92,1,0.012999999999919964,BACKFILL_AUTO
2026-04-05 00:13:10,1775347990,CRASH1000,5590.93,1,0.010000000000218279,BACKFILL_AUTO
2026-04-05 00:13:11,1775347991,CRASH1000,5590.935,1,0.005000000000109139,BACKFILL_AUTO
2026-04-05 00:13:12,1775347992,CRASH1000,5590.944,1,0.009000000000014552,BACKFILL_AUTO
2026-04-05 00:13:13,1775347993,CRASH1000,5590.953,1,0.009000000000014552,BACKFILL_AUTO
2026-04-05 00:13:14,1775347994,CRASH1000,5590.963,1,0.009999999999308784,BACKFILL_AUTO
2026-04-05 00:13:15,1775347995,CRASH1000,5590.966,1,0.0030000000006111804,BACKFILL_AUTO
2026-04-05 00:13:16,1775347996,CRASH1000,5590.973,1,0.006999999999607098,BACKFILL_AUTO
2026-04-05 00:13:17,1775347997,CRASH1000,5590.974,1,0.0010000000002037268,BACKFILL_AUTO
2026-04-05 00:13:18,1775347998,CRASH1000,5590.979,1,0.005000000000109139,BACKFILL_AUTO
2026-04-05 00:13:19,1775347999,CRASH1000,5590.985,1,0.0059999999994033715,BACKFILL_AUTO
2026-04-05 00:13:20,1775348000,CRASH1000,5590.986,1,0.0010000000002037268,BACKFILL_AUTO
2026-04-05 00:13:21,1775348001,CRASH1000,5590.997,1,0.011000000000422006,BACKFILL_AUTO
2026-04-05 00:13:22,1775348002,CRASH1000,5591.006,1,0.009000000000014552,BACKFILL_AUTO
2026-04-05 00:13:23,1775348003,CRASH1000,5591.018,1,0.011999999999716238,BACKFILL_AUTO
2026-04-05 00:13:24,1775348004,CRASH1000,5591.024,1,0.006000000000312866,BACKFILL_AUTO
2026-04-05 00:13:25,1775348005,CRASH1000,5591.032,1,0.007999999999810825,BACKFILL_AUTO
2026-04-05 00:13:26,1775348006,CRASH1000,5591.04,1,0.007999999999810825,BACKFILL_AUTO
2026-04-05 00:13:27,1775348007,CRASH1000,5591.045,1,0.005000000000109139,BACKFILL_AUTO
2026-04-05 00:13:28,1775348008,CRASH1000,5591.051,1,0.006000000000312866,BACKFILL_AUTO
2026-04-05 00:13:29,1775348009,CRASH1000,5591.054,1,0.0029999999997016857,BACKFILL_AUTO
2026-04-05 00:13:30,1775348010,CRASH1000,5591.06,1,0.006000000000312866,BACKFILL_AUTO
2026-04-05 00:13:31,1775348011,CRASH1000,5591.072,1,0.011999999999716238,BACKFILL_AUTO
2026-04-05 00:13:32,1775348012,CRASH1000,5591.075,1,0.0029999999997016857,BACKFILL_AUTO
2026-04-05 00:13:33,1775348013,CRASH1000,5591.076,1,0.0010000000002037268,BACKFILL_AUTO
2026-04-05 00:13:34,1775348014,CRASH1000,5591.078,1,0.0020000000004074536,BACKFILL_AUTO
2026-04-05 00:13:35,1775348015,CRASH1000,5591.086,1,0.007999999999810825,BACKFILL_AUTO
2026-04-05 00:13:36,1775348016,CRASH1000,5591.089,1,0.0029999999997016857,BACKFILL_AUTO
2026-04-05 00:13:37,1775348017,CRASH1000,5591.097,1,0.007999999999810825,BACKFILL_AUTO
2026-04-05 00:13:38,1775348018,CRASH1000,5591.102,1,0.005000000000109139,BACKFILL_AUTO
2026-04-05 00:13:39,1775348019,CRASH1000,5591.104,1,0.0020000000004074536,BACKFILL_AUTO
2026-04-05 00:13:40,1775348020,CRASH1000,5591.105,1,0.0009999999992942321,BACKFILL_AUTO
2026-04-05 00:13:41,1775348021,CRASH1000,5591.108,1,0.0030000000006111804,BACKFILL_AUTO
2026-04-05 00:13:42,1775348022,CRASH1000,5591.114,1,0.0059999999994033715,BACKFILL_AUTO
2026-04-05 00:13:43,1775348023,CRASH1000,5591.117,1,0.0030000000006111804,BACKFILL_AUTO
2026-04-05 00:13:44,1775348024,CRASH1000,5591.12,1,0.0029999999997016857,BACKFILL_AUTO
2026-04-05 00:13:45,1775348025,CRASH1000,5591.125,1,0.005000000000109139,BACKFILL_AUTO
2026-04-05 00:13:46,1775348026,CRASH1000,5591.138,1,0.012999999999919964,BACKFILL_AUTO
2026-04-05 00:13:47,1775348027,CRASH1000,5591.146,1,0.007999999999810825,BACKFILL_AUTO
2026-04-05 00:13:48,1775348028,CRASH1000,5591.153,1,0.007000000000516593,BACKFILL_AUTO
2026-04-05 00:13:49,1775348029,CRASH1000,5591.161,1,0.007999999999810825,BACKFILL_AUTO
2026-04-05 00:13:50,1775348030,CRASH1000,5591.166,1,0.005000000000109139,BACKFILL_AUTO
2026-04-05 00:13:51,1775348031,CRASH1000,5591.173,1,0.006999999999607098,BACKFILL_AUTO
2026-04-05 00:13:52,1775348032,CRASH1000,5591.174,1,0.0010000000002037268,BACKFILL_AUTO
2026-04-05 00:13:53,1775348033,CRASH1000,5591.179,1,0.005000000000109139,BACKFILL_AUTO
2026-04-05 00:13:54,1775348034,CRASH1000,5591.186,1,0.006999999999607098,BACKFILL_AUTO
2026-04-05 00:13:55,1775348035,CRASH1000,5591.189,1,0.0030000000006111804,BACKFILL_AUTO
2026-04-05 00:13:56,1775348036,CRASH1000,5591.193,1,0.0039999999999054126,BACKFILL_AUTO
2026-04-05 00:13:57,1775348037,CRASH1000,5591.193,0,0.0,BACKFILL_AUTO
2026-04-05 00:13:58,1775348038,CRASH1000,5591.204,1,0.01099999999951251,BACKFILL_AUTO
2026-04-05 00:13:59,1775348039,CRASH1000,5591.209,1,0.005000000000109139,BACKFILL_AUTO
2026-04-05 00:14:00,1775348040,CRASH1000,5591.211,1,0.0020000000004074536,BACKFILL_AUTO
2026-04-05 00:14:01,1775348041,CRASH1000,5591.213,1,0.001999999999497959,BACKFILL_AUTO
2026-04-05 00:14:02,1775348042,CRASH1000,5591.219,1,0.006000000000312866,BACKFILL_AUTO
2026-04-05 00:14:03,1775348043,CRASH1000,5591.23,1,0.01099999999951251,BACKFILL_AUTO
2026-04-05 00:14:04,1775348044,CRASH1000,5591.236,1,0.006000000000312866,BACKFILL_AUTO
2026-04-05 00:14:05,1775348045,CRASH1000,5591.238,1,0.0020000000004074536,BACKFILL_AUTO
2026-04-05 00:14:06,1775348046,CRASH1000,5591.244,1,0.0059999999994033715,BACKFILL_AUTO
2026-04-05 00:14:07,1775348047,CRASH1000,5591.249,1,0.005000000000109139,BACKFILL_AUTO
2026-04-05 00:14:08,1775348048,CRASH1000,5591.26,1,0.011000000000422006,BACKFILL_AUTO
2026-04-05 00:14:09,1775348049,CRASH1000,5591.268,1,0.007999999999810825,BACKFILL_AUTO
2026-04-05 00:14:10,1775348050,CRASH1000,5591.275,1,0.006999999999607098,BACKFILL_AUTO
2026-04-05 00:14:11,1775348051,CRASH1000,5591.28,1,0.005000000000109139,BACKFILL_AUTO
2026-04-05 00:14:12,1775348052,CRASH1000,5591.287,1,0.007000000000516593,BACKFILL_AUTO
2026-04-05 00:14:13,1775348053,CRASH1000,5591.292,1,0.005000000000109139,BACKFILL_AUTO
2026-04-05 00:14:14,1775348054,CRASH1000,5591.297,1,0.004999999999199645,BACKFILL_AUTO
2026-04-05 00:14:15,1775348055,CRASH1000,5591.304,1,0.007000000000516593,BACKFILL_AUTO
2026-04-05 00:14:16,1775348056,CRASH1000,5591.305,1,0.0010000000002037268,BACKFILL_AUTO
2026-04-05 00:14:17,1775348057,CRASH1000,5591.311,1,0.0059999999994033715,BACKFILL_AUTO
2026-04-05 00:14:18,1775348058,CRASH1000,5591.317,1,0.006000000000312866,BACKFILL_AUTO
2026-04-05 00:14:19,1775348059,CRASH1000,5591.335,1,0.018000000000029104,BACKFILL_AUTO
2026-04-05 00:14:20,1775348060,CRASH1000,5591.346,1,0.01099999999951251,BACKFILL_AUTO
2026-04-05 00:14:21,1775348061,CRASH1000,5591.347,1,0.0010000000002037268,BACKFILL_AUTO
2026-04-05 00:14:22,1775348062,CRASH1000,5591.355,1,0.007999999999810825,BACKFILL_AUTO
2026-04-05 00:14:23,1775348063,CRASH1000,5591.359,1,0.004000000000814907,BACKFILL_AUTO
2026-04-05 00:14:24,1775348064,CRASH1000,5591.363,1,0.0039999999999054126,BACKFILL_AUTO
2026-04-05 00:14:25,1775348065,CRASH1000,5591.368,1,0.005000000000109139,BACKFILL_AUTO
2026-04-05 00:14:26,1775348066,CRASH1000,5591.371,1,0.0029999999997016857,BACKFILL_AUTO
2026-04-05 00:14:27,1775348067,CRASH1000,5591.375,1,0.0039999999999054126,BACKFILL_AUTO
2026-04-05 00:14:28,1775348068,CRASH1000,5591.376,1,0.0010000000002037268,BACKFILL_AUTO
2026-04-05 00:14:29,1775348069,CRASH1000,5591.378,1,0.001999999999497959,BACKFILL_AUTO
2026-04-05 00:14:30,1775348070,CRASH1000,5591.38,1,0.0020000000004074536,BACKFILL_AUTO
2026-04-05 00:14:31,1775348071,CRASH1000,5591.389,1,0.009000000000014552,BACKFILL_AUTO
2026-04-05 00:14:32,1775348072,CRASH1000,5591.393,1,0.0039999999999054126,BACKFILL_AUTO
2026-04-05 00:14:33,1775348073,CRASH1000,5591.395,1,0.0020000000004074536,BACKFILL_AUTO
2026-04-05 00:14:34,1775348074,CRASH1000,5591.401,1,0.0059999999994033715,BACKFILL_AUTO
2026-04-05 00:14:35,1775348075,CRASH1000,5591.407,1,0.006000000000312866,BACKFILL_AUTO
2026-04-05 00:14:36,1775348076,CRASH1000,5591.409,1,0.001999999999497959,BACKFILL_AUTO
2026-04-05 00:14:37,1775348077,CRASH1000,5591.41,1,0.0010000000002037268,BACKFILL_AUTO
2026-04-05 00:14:38,1775348078,CRASH1000,5591.416,1,0.006000000000312866,BACKFILL_AUTO
2026-04-05 00:14:39,1775348079,CRASH1000,5591.429,1,0.012999999999919964,BACKFILL_AUTO
2026-04-05 00:14:40,1775348080,CRASH1000,5591.432,1,0.0029999999997016857,BACKFILL_AUTO
2026-04-05 00:14:41,1775348081,CRASH1000,5591.438,1,0.006000000000312866,BACKFILL_AUTO
2026-04-05 00:14:42,1775348082,CRASH1000,5591.441,1,0.0029999999997016857,BACKFILL_AUTO
2026-04-05 00:14:43,1775348083,CRASH1000,5591.446,1,0.005000000000109139,BACKFILL_AUTO
2026-04-05 00:14:44,1775348084,CRASH1000,5591.452,1,0.006000000000312866,BACKFILL_AUTO
2026-04-05 00:14:45,1775348085,CRASH1000,5591.452,0,0.0,BACKFILL_AUTO
2026-04-05 00:14:46,1775348086,CRASH1000,5591.463,1,0.01099999999951251,BACKFILL_AUTO
2026-04-05 00:14:47,1775348087,CRASH1000,5591.474,1,0.011000000000422006,BACKFILL_AUTO
2026-04-05 00:14:48,1775348088,CRASH1000,5591.478,1,0.0039999999999054126,BACKFILL_AUTO
2026-04-05 00:14:49,1775348089,CRASH1000,5591.48,1,0.001999999999497959,BACKFILL_AUTO
2026-04-05 00:14:50,1775348090,CRASH1000,5591.485,1,0.005000000000109139,BACKFILL_AUTO
2026-04-05 00:14:51,1775348091,CRASH1000,5591.486,1,0.0010000000002037268,BACKFILL_AUTO
2026-04-05 00:14:52,1775348092,CRASH1000,5591.49,1,0.0039999999999054126,BACKFILL_AUTO
2026-04-05 00:14:53,1775348093,CRASH1000,5591.497,1,0.007000000000516593,BACKFILL_AUTO
2026-04-05 00:14:54,1775348094,CRASH1000,5591.498,1,0.0009999999992942321,BACKFILL_AUTO
2026-04-05 00:14:55,1775348095,CRASH1000,5591.508,1,0.010000000000218279,BACKFILL_AUTO
2026-04-05 00:14:56,1775348096,CRASH1000,5591.514,1,0.006000000000312866,BACKFILL_AUTO
2026-04-05 00:14:57,1775348097,CRASH1000,5591.516,1,0.001999999999497959,BACKFILL_AUTO
2026-04-05 00:14:58,1775348098,CRASH1000,5591.52,1,0.004000000000814907,BACKFILL_AUTO
2026-04-05 00:14:59,1775348099,CRASH1000,5591.521,1,0.0009999999992942321,BACKFILL_AUTO
2026-04-05 00:15:00,1775348100,CRASH1000,5591.527,1,0.006000000000312866,BACKFILL_AUTO
2026-04-05 00:15:01,1775348101,CRASH1000,5591.528,1,0.0010000000002037268,BACKFILL_AUTO
2026-04-05 00:15:02,1775348102,CRASH1000,5591.533,1,0.005000000000109139,BACKFILL_AUTO
2026-04-05 00:15:03,1775348103,CRASH1000,5591.54,1,0.006999999999607098,BACKFILL_AUTO
2026-04-05 00:15:04,1775348104,CRASH1000,5591.542,1,0.0020000000004074536,BACKFILL_AUTO
2026-04-05 00:15:05,1775348105,CRASH1000,5591.542,0,0.0,BACKFILL_AUTO
2026-04-05 00:15:06,1775348106,CRASH1000,5591.543,1,0.0009999999992942321,BACKFILL_AUTO
2026-04-05 00:15:07,1775348107,CRASH1000,5591.553,1,0.010000000000218279,BACKFILL_AUTO
2026-04-05 00:15:08,1775348108,CRASH1000,5591.562,1,0.009000000000014552,BACKFILL_AUTO
2026-04-05 00:15:09,1775348109,CRASH1000,5591.572,1,0.010000000000218279,BACKFILL_AUTO
2026-04-05 00:15:10,1775348110,CRASH1000,5591.573,1,0.0010000000002037268,BACKFILL_AUTO
2026-04-05 00:15:11,1775348111,CRASH1000,5591.576,1,0.0029999999997016857,BACKFILL_AUTO
2026-04-05 00:15:12,1775348112,CRASH1000,5591.585,1,0.009000000000014552,BACKFILL_AUTO
2026-04-05 00:15:13,1775348113,CRASH1000,5591.596,1,0.01099999999951251,BACKFILL_AUTO
2026-04-05 00:15:14,1775348114,CRASH1000,5591.596,0,0.0,BACKFILL_AUTO
2026-04-05 00:15:15,1775348115,CRASH1000,5591.609,1,0.01300000000082946,BACKFILL_AUTO
2026-04-05 00:15:16,1775348116,CRASH1000,5591.62,1,0.01099999999951251,BACKFILL_AUTO
2026-04-05 00:15:17,1775348117,CRASH1000,5591.63,1,0.010000000000218279,BACKFILL_AUTO
2026-04-05 00:15:18,1775348118,CRASH1000,5591.638,1,0.007999999999810825,BACKFILL_AUTO
2026-04-05 00:15:19,1775348119,CRASH1000,5591.642,1,0.0039999999999054126,BACKFILL_AUTO
2026-04-05 00:15:20,1775348120,CRASH1000,5591.645,1,0.0030000000006111804,BACKFILL_AUTO
2026-04-05 00:15:21,1775348121,CRASH1000,5591.653,1,0.007999999999810825,BACKFILL_AUTO
2026-04-05 00:15:22,1775348122,CRASH1000,5591.654,1,0.0010000000002037268,BACKFILL_AUTO
2026-04-05 00:15:23,1775348123,CRASH1000,5591.661,1,0.006999999999607098,BACKFILL_AUTO
2026-04-05 00:15:24,1775348124,CRASH1000,5591.663,1,0.001999999999497959,BACKFILL_AUTO
2026-04-05 00:15:25,1775348125,CRASH1000,5591.67,1,0.007000000000516593,BACKFILL_AUTO
2026-04-05 00:15:26,1775348126,CRASH1000,5591.674,1,0.0039999999999054126,BACKFILL_AUTO
2026-04-05 00:15:27,1775348127,CRASH1000,5591.679,1,0.005000000000109139,BACKFILL_AUTO
2026-04-05 00:15:28,1775348128,CRASH1000,5591.682,1,0.0029999999997016857,BACKFILL_AUTO
2026-04-05 00:15:29,1775348129,CRASH1000,5591.69,1,0.007999999999810825,BACKFILL_AUTO
2026-04-05 00:15:30,1775348130,CRASH1000,5591.694,1,0.004000000000814907,BACKFILL_AUTO
2026-04-05 00:15:31,1775348131,CRASH1000,5591.697,1,0.0029999999997016857,BACKFILL_AUTO
2026-04-05 00:15:32,1775348132,CRASH1000,5591.703,1,0.006000000000312866,BACKFILL_AUTO
2026-04-05 00:15:33,1775348133,CRASH1000,5591.707,1,0.0039999999999054126,BACKFILL_AUTO
2026-04-05 00:15:34,1775348134,CRASH1000,5591.715,1,0.007999999999810825,BACKFILL_AUTO
2026-04-05 00:15:35,1775348135,CRASH1000,5591.723,1,0.007999999999810825,BACKFILL_AUTO
2026-04-05 00:15:36,1775348136,CRASH1000,5591.726,1,0.0029999999997016857,BACKFILL_AUTO
2026-04-05 00:15:37,1775348137,CRASH1000,5591.732,1,0.006000000000312866,BACKFILL_AUTO
2026-04-05 00:15:38,1775348138,CRASH1000,5591.735,1,0.0029999999997016857,BACKFILL_AUTO
2026-04-05 00:15:39,1775348139,CRASH1000,5591.739,1,0.0039999999999054126,BACKFILL_AUTO
2026-04-05 00:15:40,1775348140,CRASH1000,5591.743,1,0.004000000000814907,BACKFILL_AUTO
2026-04-05 00:15:41,1775348141,CRASH1000,5591.748,1,0.004999999999199645,BACKFILL_AUTO
2026-04-05 00:15:42,1775348142,CRASH1000,5591.755,1,0.007000000000516593,BACKFILL_AUTO
2026-04-05 00:15:43,1775348143,CRASH1000,5591.757,1,0.001999999999497959,BACKFILL_AUTO
2026-04-05 00:15:44,1775348144,CRASH1000,5591.762,1,0.005000000000109139,BACKFILL_AUTO
2026-04-05 00:15:45,1775348145,CRASH1000,5591.766,1,0.0039999999999054126,BACKFILL_AUTO
2026-04-05 00:15:46,1775348146,CRASH1000,5591.769,1,0.0030000000006111804,BACKFILL_AUTO
2026-04-05 00:15:47,1775348147,CRASH1000,5591.772,1,0.0029999999997016857,BACKFILL_AUTO
2026-04-05 00:15:48,1775348148,CRASH1000,5591.779,1,0.007000000000516593,BACKFILL_AUTO
2026-04-05 00:15:49,1775348149,CRASH1000,5591.785,1,0.0059999999994033715,BACKFILL_AUTO
2026-04-05 00:15:50,1775348150,CRASH1000,5591.786,1,0.0010000000002037268,BACKFILL_AUTO
2026-04-05 00:15:51,1775348151,CRASH1000,5591.794,1,0.007999999999810825,BACKFILL_AUTO
2026-04-05 00:15:52,1775348152,CRASH1000,5591.796,1,0.0020000000004074536,BACKFILL_AUTO
2026-04-05 00:15:53,1775348153,CRASH1000,5591.809,1,0.012999999999919964,BACKFILL_AUTO
2026-04-05 00:15:54,1775348154,CRASH1000,5591.816,1,0.006999999999607098,BACKFILL_AUTO
2026-04-05 00:15:55,1775348155,CRASH1000,5591.819,1,0.0030000000006111804,BACKFILL_AUTO
2026-04-05 00:15:56,1775348156,CRASH1000,5591.824,1,0.004999999999199645,BACKFILL_AUTO
2026-04-05 00:15:57,1775348157,CRASH1000,5591.831,1,0.007000000000516593,BACKFILL_AUTO
2026-04-05 00:15:58,1775348158,CRASH1000,5591.839,1,0.007999999999810825,BACKFILL_AUTO
2026-04-05 00:15:59,1775348159,CRASH1000,5591.845,1,0.006000000000312866,BACKFILL_AUTO
2026-04-05 00:16:00,1775348160,CRASH1000,5591.846,1,0.0009999999992942321,BACKFILL_AUTO
2026-04-05 00:16:01,1775348161,CRASH1000,5591.852,1,0.006000000000312866,BACKFILL_AUTO
2026-04-05 00:16:02,1775348162,CRASH1000,5591.852,0,0.0,BACKFILL_AUTO
2026-04-05 00:16:03,1775348163,CRASH1000,5591.859,1,0.007000000000516593,BACKFILL_AUTO
2026-04-05 00:16:04,1775348164,CRASH1000,5591.868,1,0.009000000000014552,BACKFILL_AUTO
2026-04-05 00:16:05,1775348165,CRASH1000,5591.87,1,0.001999999999497959,BACKFILL_AUTO
2026-04-05 00:16:06,1775348166,CRASH1000,5591.872,1,0.0020000000004074536,BACKFILL_AUTO
2026-04-05 00:16:07,1775348167,CRASH1000,5591.876,1,0.0039999999999054126,BACKFILL_AUTO
2026-04-05 00:16:08,1775348168,CRASH1000,5591.876,0,0.0,BACKFILL_AUTO
2026-04-05 00:16:09,1775348169,CRASH1000,5591.883,1,0.006999999999607098,BACKFILL_AUTO
2026-04-05 00:16:10,1775348170,CRASH1000,5591.884,1,0.0010000000002037268,BACKFILL_AUTO
2026-04-05 00:16:11,1775348171,CRASH1000,5591.894,1,0.010000000000218279,BACKFILL_AUTO
2026-04-05 00:16:12,1775348172,CRASH1000,5591.904,1,0.010000000000218279,BACKFILL_AUTO
2026-04-05 00:16:13,1775348173,CRASH1000,5591.906,1,0.001999999999497959,BACKFILL_AUTO
2026-04-05 00:16:14,1775348174,CRASH1000,5591.906,0,0.0,BACKFILL_AUTO
2026-04-05 00:16:15,1775348175,CRASH1000,5591.925,1,0.01900000000023283,BACKFILL_AUTO
2026-04-05 00:16:16,1775348176,CRASH1000,5591.933,1,0.007999999999810825,BACKFILL_AUTO
2026-04-05 00:16:17,1775348177,CRASH1000,5591.936,1,0.0029999999997016857,BACKFILL_AUTO
2026-04-05 00:16:18,1775348178,CRASH1000,5591.937,1,0.0010000000002037268,BACKFILL_AUTO
2026-04-05 00:16:19,1775348179,CRASH1000,5591.941,1,0.0039999999999054126,BACKFILL_AUTO
2026-04-05 00:16:20,1775348180,CRASH1000,5591.944,1,0.0030000000006111804,BACKFILL_AUTO
2026-04-05 00:16:21,1775348181,CRASH1000,5591.951,1,0.006999999999607098,BACKFILL_AUTO
2026-04-05 00:16:22,1775348182,CRASH1000,5591.951,0,0.0,BACKFILL_AUTO
2026-04-05 00:16:23,1775348183,CRASH1000,5591.955,1,0.0039999999999054126,BACKFILL_AUTO
2026-04-05 00:16:24,1775348184,CRASH1000,5591.956,1,0.0010000000002037268,BACKFILL_AUTO
2026-04-05 00:16:25,1775348185,CRASH1000,5591.957,1,0.0010000000002037268,BACKFILL_AUTO
2026-04-05 00:16:26,1775348186,CRASH1000,5591.964,1,0.006999999999607098,BACKFILL_AUTO
2026-04-05 00:16:27,1775348187,CRASH1000,5591.977,1,0.012999999999919964,BACKFILL_AUTO
2026-04-05 00:16:28,1775348188,CRASH1000,5591.981,1,0.0039999999999054126,BACKFILL_AUTO
2026-04-05 00:16:29,1775348189,CRASH1000,5591.989,1,0.007999999999810825,BACKFILL_AUTO
2026-04-05 00:16:30,1775348190,CRASH1000,5591.993,1,0.004000000000814907,BACKFILL_AUTO
2026-04-05 00:16:31,1775348191,CRASH1000,5591.993,0,0.0,BACKFILL_AUTO
2026-04-05 00:16:32,1775348192,CRASH1000,5591.996,1,0.0029999999997016857,BACKFILL_AUTO
2026-04-05 00:16:33,1775348193,CRASH1000,5591.997,1,0.0010000000002037268,BACKFILL_AUTO
2026-04-05 00:16:34,1775348194,CRASH1000,5592.0,1,0.0029999999997016857,BACKFILL_AUTO
2026-04-05 00:16:35,1775348195,CRASH1000,5592.0,0,0.0,BACKFILL_AUTO
2026-04-05 00:16:36,1775348196,CRASH1000,5592.001,1,0.0010000000002037268,BACKFILL_AUTO
2026-04-05 00:16:37,1775348197,CRASH1000,5592.007,1,0.0059999999994033715,BACKFILL_AUTO
2026-04-05 00:16:38,1775348198,CRASH1000,5592.017,1,0.010000000000218279,BACKFILL_AUTO
2026-04-05 00:16:39,1775348199,CRASH1000,5592.023,1,0.006000000000312866,BACKFILL_AUTO
2026-04-05 00:16:40,1775348200,CRASH1000,5592.025,1,0.001999999999497959,BACKFILL_AUTO
2026-04-05 00:16:41,1775348201,CRASH1000,5592.025,0,0.0,BACKFILL_AUTO
2026-04-05 00:16:42,1775348202,CRASH1000,5592.032,1,0.007000000000516593,BACKFILL_AUTO
2026-04-05 00:16:43,1775348203,CRASH1000,5592.034,1,0.001999999999497959,BACKFILL_AUTO
2026-04-05 00:16:44,1775348204,CRASH1000,5592.043,1,0.009000000000014552,BACKFILL_AUTO
2026-04-05 00:16:45,1775348205,CRASH1000,5592.051,1,0.00800000000072032,BACKFILL_AUTO
2026-04-05 00:16:46,1775348206,CRASH1000,5592.051,0,0.0,BACKFILL_AUTO
2026-04-05 00:16:47,1775348207,CRASH1000,5592.061,1,0.009999999999308784,BACKFILL_AUTO
2026-04-05 00:16:48,1775348208,CRASH1000,5592.072,1,0.011000000000422006,BACKFILL_AUTO
2026-04-05 00:16:49,1775348209,CRASH1000,5592.078,1,0.006000000000312866,BACKFILL_AUTO
2026-04-05 00:16:50,1775348210,CRASH1000,5592.085,1,0.006999999999607098,BACKFILL_AUTO
2026-04-05 00:16:51,1775348211,CRASH1000,5592.093,1,0.007999999999810825,BACKFILL_AUTO
2026-04-05 00:16:52,1775348212,CRASH1000,5592.096,1,0.0029999999997016857,BACKFILL_AUTO
2026-04-05 00:16:53,1775348213,CRASH1000,5592.099,1,0.0030000000006111804,BACKFILL_AUTO
2026-04-05 00:16:54,1775348214,CRASH1000,5592.101,1,0.001999999999497959,BACKFILL_AUTO
2026-04-05 00:16:55,1775348215,CRASH1000,5592.109,1,0.00800000000072032,BACKFILL_AUTO
2026-04-05 00:16:56,1775348216,CRASH1000,5592.115,1,0.0059999999994033715,BACKFILL_AUTO
2026-04-05 00:16:57,1775348217,CRASH1000,5592.121,1,0.006000000000312866,BACKFILL_AUTO
2026-04-05 00:16:58,1775348218,CRASH1000,5592.124,1,0.0029999999997016857,BACKFILL_AUTO
2026-04-05 00:16:59,1775348219,CRASH1000,5592.125,1,0.0010000000002037268,BACKFILL_AUTO
2026-04-05 00:17:00,1775348220,CRASH1000,5592.144,1,0.01900000000023283,BACKFILL_AUTO
2026-04-05 00:17:01,1775348221,CRASH1000,5592.146,1,0.001999999999497959,BACKFILL_AUTO
2026-04-05 00:17:02,1775348222,CRASH1000,5592.154,1,0.00800000000072032,BACKFILL_AUTO
2026-04-05 00:17:03,1775348223,CRASH1000,5592.159,1,0.004999999999199645,BACKFILL_AUTO
2026-04-05 00:17:04,1775348224,CRASH1000,5592.16,1,0.0010000000002037268,BACKFILL_AUTO
2026-04-05 00:17:05,1775348225,CRASH1000,5592.167,1,0.007000000000516593,BACKFILL_AUTO
2026-04-05 00:17:06,1775348226,CRASH1000,5592.18,1,0.012999999999919964,BACKFILL_AUTO
2026-04-05 00:17:07,1775348227,CRASH1000,5592.181,1,0.0009999999992942321,BACKFILL_AUTO
2026-04-05 00:17:08,1775348228,CRASH1000,5592.19,1,0.009000000000014552,BACKFILL_AUTO
2026-04-05 00:17:09,1775348229,CRASH1000,5592.191,1,0.0010000000002037268,BACKFILL_AUTO
2026-04-05 00:17:10,1775348230,CRASH1000,5592.201,1,0.010000000000218279,BACKFILL_AUTO
2026-04-05 00:17:11,1775348231,CRASH1000,5592.207,1,0.006000000000312866,BACKFILL_AUTO
2026-04-05 00:17:12,1775348232,CRASH1000,5592.208,1,0.0009999999992942321,BACKFILL_AUTO
2026-04-05 00:17:13,1775348233,CRASH1000,5592.211,1,0.0030000000006111804,BACKFILL_AUTO
2026-04-05 00:17:14,1775348234,CRASH1000,5592.215,1,0.0039999999999054126,BACKFILL_AUTO
2026-04-05 00:17:15,1775348235,CRASH1000,5592.22,1,0.005000000000109139,BACKFILL_AUTO
2026-04-05 00:17:16,1775348236,CRASH1000,5592.224,1,0.0039999999999054126,BACKFILL_AUTO
2026-04-05 00:17:17,1775348237,CRASH1000,5592.225,1,0.0010000000002037268,BACKFILL_AUTO
2026-04-05 00:17:18,1775348238,CRASH1000,5592.235,1,0.009999999999308784,BACKFILL_AUTO
2026-04-05 00:17:19,1775348239,CRASH1000,5592.242,1,0.007000000000516593,BACKFILL_AUTO
2026-04-05 00:17:20,1775348240,CRASH1000,5592.243,1,0.0010000000002037268,BACKFILL_AUTO
2026-04-05 00:17:21,1775348241,CRASH1000,5592.25,1,0.006999999999607098,BACKFILL_AUTO
2026-04-05 00:17:22,1775348242,CRASH1000,5592.259,1,0.009000000000014552,BACKFILL_AUTO
2026-04-05 00:17:23,1775348243,CRASH1000,5592.268,1,0.009000000000014552,BACKFILL_AUTO
2026-04-05 00:17:24,1775348244,CRASH1000,5592.268,0,0.0,BACKFILL_AUTO
2026-04-05 00:17:25,1775348245,CRASH1000,5592.278,1,0.010000000000218279,BACKFILL_AUTO
2026-04-05 00:17:26,1775348246,CRASH1000,5592.284,1,0.0059999999994033715,BACKFILL_AUTO
2026-04-05 00:17:27,1775348247,CRASH1000,5592.289,1,0.005000000000109139,BACKFILL_AUTO
2026-04-05 00:17:28,1775348248,CRASH1000,5592.296,1,0.007000000000516593,BACKFILL_AUTO
2026-04-05 00:17:29,1775348249,CRASH1000,5592.309,1,0.012999999999919964,BACKFILL_AUTO
2026-04-05 00:17:30,1775348250,CRASH1000,5592.312,1,0.0029999999997016857,BACKFILL_AUTO
2026-04-05 00:17:31,1775348251,CRASH1000,5592.313,1,0.0010000000002037268,BACKFILL_AUTO
2026-04-05 00:17:32,1775348252,CRASH1000,5592.315,1,0.001999999999497959,BACKFILL_AUTO
2026-04-05 00:17:33,1775348253,CRASH1000,5592.322,1,0.007000000000516593,BACKFILL_AUTO
2026-04-05 00:17:34,1775348254,CRASH1000,5592.329,1,0.006999999999607098,BACKFILL_AUTO
2026-04-05 00:17:35,1775348255,CRASH1000,5592.336,1,0.007000000000516593,BACKFILL_AUTO
2026-04-05 00:17:36,1775348256,CRASH1000,5592.338,1,0.001999999999497959,BACKFILL_AUTO
2026-04-05 00:17:37,1775348257,CRASH1000,5592.339,1,0.0010000000002037268,BACKFILL_AUTO
2026-04-05 00:17:38,1775348258,CRASH1000,5592.341,1,0.0020000000004074536,BACKFILL_AUTO
2026-04-05 00:17:39,1775348259,CRASH1000,5592.347,1,0.0059999999994033715,BACKFILL_AUTO
2026-04-05 00:17:40,1775348260,CRASH1000,5592.347,0,0.0,BACKFILL_AUTO
2026-04-05 00:17:41,1775348261,CRASH1000,5592.349,1,0.0020000000004074536,BACKFILL_AUTO
2026-04-05 00:17:42,1775348262,CRASH1000,5592.356,1,0.006999999999607098,BACKFILL_AUTO
2026-04-05 00:17:43,1775348263,CRASH1000,5592.36,1,0.0039999999999054126,BACKFILL_AUTO
2026-04-05 00:17:44,1775348264,CRASH1000,5592.361,1,0.0010000000002037268,BACKFILL_AUTO
2026-04-05 00:17:45,1775348265,CRASH1000,5592.366,1,0.005000000000109139,BACKFILL_AUTO
2026-04-05 00:17:46,1775348266,CRASH1000,5592.375,1,0.009000000000014552,BACKFILL_AUTO
2026-04-05 00:17:47,1775348267,CRASH1000,5592.385,1,0.010000000000218279,BACKFILL_AUTO
2026-04-05 00:17:48,1775348268,CRASH1000,5592.386,1,0.0010000000002037268,BACKFILL_AUTO
2026-04-05 00:17:49,1775348269,CRASH1000,5592.386,0,0.0,BACKFILL_AUTO
2026-04-05 00:17:50,1775348270,CRASH1000,5592.389,1,0.0029999999997016857,BACKFILL_AUTO
2026-04-05 00:17:51,1775348271,CRASH1000,5592.391,1,0.001999999999497959,BACKFILL_AUTO
2026-04-05 00:17:52,1775348272,CRASH1000,5592.408,1,0.01700000000073487,BACKFILL_AUTO
2026-04-05 00:17:53,1775348273,CRASH1000,5592.415,1,0.006999999999607098,BACKFILL_AUTO
2026-04-05 00:17:54,1775348274,CRASH1000,5592.417,1,0.0020000000004074536,BACKFILL_AUTO
2026-04-05 00:17:55,1775348275,CRASH1000,5592.419,1,0.001999999999497959,BACKFILL_AUTO
2026-04-05 00:17:56,1775348276,CRASH1000,5592.424,1,0.005000000000109139,BACKFILL_AUTO
2026-04-05 00:17:57,1775348277,CRASH1000,5592.425,1,0.0010000000002037268,BACKFILL_AUTO
2026-04-05 00:17:58,1775348278,CRASH1000,5592.43,1,0.005000000000109139,BACKFILL_AUTO
2026-04-05 00:17:59,1775348279,CRASH1000,5592.435,1,0.005000000000109139,BACKFILL_AUTO
2026-04-05 00:18:00,1775348280,CRASH1000,5592.437,1,0.001999999999497959,BACKFILL_AUTO
2026-04-05 00:18:01,1775348281,CRASH1000,5592.439,1,0.0020000000004074536,BACKFILL_AUTO
2026-04-05 00:18:02,1775348282,CRASH1000,5592.443,1,0.0039999999999054126,BACKFILL_AUTO
2026-04-05 00:18:03,1775348283,CRASH1000,5592.449,1,0.0059999999994033715,BACKFILL_AUTO
2026-04-05 00:18:04,1775348284,CRASH1000,5592.45,1,0.0010000000002037268,BACKFILL_AUTO
2026-04-05 00:18:05,1775348285,CRASH1000,5592.456,1,0.006000000000312866,BACKFILL_AUTO
2026-04-05 00:18:06,1775348286,CRASH1000,5592.46,1,0.0039999999999054126,BACKFILL_AUTO
2026-04-05 00:18:07,1775348287,CRASH1000,5592.463,1,0.0029999999997016857,BACKFILL_AUTO
2026-04-05 00:18:08,1775348288,CRASH1000,5592.475,1,0.012000000000625732,BACKFILL_AUTO
2026-04-05 00:18:09,1775348289,CRASH1000,5592.478,1,0.0029999999997016857,BACKFILL_AUTO
2026-04-05 00:18:10,1775348290,CRASH1000,5592.479,1,0.0010000000002037268,BACKFILL_AUTO
2026-04-05 00:18:11,1775348291,CRASH1000,5592.485,1,0.0059999999994033715,BACKFILL_AUTO
2026-04-05 00:18:12,1775348292,CRASH1000,5592.491,1,0.006000000000312866,BACKFILL_AUTO
2026-04-05 00:18:13,1775348293,CRASH1000,5592.499,1,0.007999999999810825,BACKFILL_AUTO
2026-04-05 00:18:14,1775348294,CRASH1000,5592.504,1,0.005000000000109139,BACKFILL_AUTO
2026-04-05 00:18:15,1775348295,CRASH1000,5592.513,1,0.009000000000014552,BACKFILL_AUTO
2026-04-05 00:18:16,1775348296,CRASH1000,5592.518,1,0.005000000000109139,BACKFILL_AUTO
2026-04-05 00:18:17,1775348297,CRASH1000,5592.526,1,0.007999999999810825,BACKFILL_AUTO
2026-04-05 00:18:18,1775348298,CRASH1000,5592.526,0,0.0,BACKFILL_AUTO
2026-04-05 00:18:19,1775348299,CRASH1000,5592.527,1,0.0010000000002037268,BACKFILL_AUTO
2026-04-05 00:18:20,1775348300,CRASH1000,5592.528,1,0.0010000000002037268,BACKFILL_AUTO
2026-04-05 00:18:21,1775348301,CRASH1000,5592.54,1,0.011999999999716238,BACKFILL_AUTO
2026-04-05 00:18:22,1775348302,CRASH1000,5592.543,1,0.0029999999997016857,BACKFILL_AUTO
2026-04-05 00:18:23,1775348303,CRASH1000,5592.545,1,0.0020000000004074536,BACKFILL_AUTO
2026-04-05 00:18:24,1775348304,CRASH1000,5592.552,1,0.006999999999607098,BACKFILL_AUTO
2026-04-05 00:18:25,1775348305,CRASH1000,5592.56,1,0.00800000000072032,BACKFILL_AUTO
2026-04-05 00:18:26,1775348306,CRASH1000,5592.565,1,0.004999999999199645,BACKFILL_AUTO
2026-04-05 00:18:27,1775348307,CRASH1000,5592.574,1,0.009000000000014552,BACKFILL_AUTO
2026-04-05 00:18:28,1775348308,CRASH1000,5592.581,1,0.007000000000516593,BACKFILL_AUTO
2026-04-05 00:18:29,1775348309,CRASH1000,5592.591,1,0.010000000000218279,BACKFILL_AUTO
2026-04-05 00:18:30,1775348310,CRASH1000,5592.598,1,0.006999999999607098,BACKFILL_AUTO
2026-04-05 00:18:31,1775348311,CRASH1000,5592.601,1,0.0029999999997016857,BACKFILL_AUTO
2026-04-05 00:18:32,1775348312,CRASH1000,5592.605,1,0.0039999999999054126,BACKFILL_AUTO
2026-04-05 00:18:33,1775348313,CRASH1000,5592.614,1,0.009000000000014552,BACKFILL_AUTO
2026-04-05 00:18:34,1775348314,CRASH1000,5592.627,1,0.01300000000082946,BACKFILL_AUTO
2026-04-05 00:18:35,1775348315,CRASH1000,5592.629,1,0.001999999999497959,BACKFILL_AUTO
2026-04-05 00:18:36,1775348316,CRASH1000,5592.629,0,0.0,BACKFILL_AUTO
2026-04-05 00:18:37,1775348317,CRASH1000,5592.638,1,0.009000000000014552,BACKFILL_AUTO
2026-04-05 00:18:38,1775348318,CRASH1000,5592.642,1,0.0039999999999054126,BACKFILL_AUTO
2026-04-05 00:18:39,1775348319,CRASH1000,5592.652,1,0.010000000000218279,BACKFILL_AUTO
2026-04-05 00:18:40,1775348320,CRASH1000,5592.66,1,0.007999999999810825,BACKFILL_AUTO
2026-04-05 00:18:41,1775348321,CRASH1000,5592.671,1,0.011000000000422006,BACKFILL_AUTO
2026-04-05 00:18:42,1775348322,CRASH1000,5592.672,1,0.0009999999992942321,BACKFILL_AUTO
2026-04-05 00:18:43,1775348323,CRASH1000,5592.681,1,0.009000000000014552,BACKFILL_AUTO
2026-04-05 00:18:44,1775348324,CRASH1000,5592.685,1,0.004000000000814907,BACKFILL_AUTO
2026-04-05 00:18:45,1775348325,CRASH1000,5592.686,1,0.0009999999992942321,BACKFILL_AUTO
2026-04-05 00:18:46,1775348326,CRASH1000,5592.69,1,0.0039999999999054126,BACKFILL_AUTO
2026-04-05 00:18:47,1775348327,CRASH1000,5592.7,1,0.010000000000218279,BACKFILL_AUTO
2026-04-05 00:18:48,1775348328,CRASH1000,5592.703,1,0.0030000000006111804,BACKFILL_AUTO
2026-04-05 00:18:49,1775348329,CRASH1000,5592.71,1,0.006999999999607098,BACKFILL_AUTO
2026-04-05 00:18:50,1775348330,CRASH1000,5592.714,1,0.0039999999999054126,BACKFILL_AUTO
2026-04-05 00:18:51,1775348331,CRASH1000,5592.73,1,0.01599999999962165,BACKFILL_AUTO
2026-04-05 00:18:52,1775348332,CRASH1000,5592.739,1,0.009000000000014552,BACKFILL_AUTO
2026-04-05 00:18:53,1775348333,CRASH1000,5592.752,1,0.01300000000082946,BACKFILL_AUTO
2026-04-05 00:18:54,1775348334,CRASH1000,5592.762,1,0.009999999999308784,BACKFILL_AUTO
2026-04-05 00:18:55,1775348335,CRASH1000,5592.773,1,0.011000000000422006,BACKFILL_AUTO
2026-04-05 00:18:56,1775348336,CRASH1000,5592.781,1,0.007999999999810825,BACKFILL_AUTO
2026-04-05 00:18:57,1775348337,CRASH1000,5592.79,1,0.009000000000014552,BACKFILL_AUTO
2026-04-05 00:18:58,1775348338,CRASH1000,5592.791,1,0.0010000000002037268,BACKFILL_AUTO
2026-04-05 00:18:59,1775348339,CRASH1000,5592.793,1,0.001999999999497959,BACKFILL_AUTO
2026-04-05 00:19:00,1775348340,CRASH1000,5592.795,1,0.0020000000004074536,BACKFILL_AUTO
2026-04-05 00:19:01,1775348341,CRASH1000,5592.801,1,0.006000000000312866,BACKFILL_AUTO
2026-04-05 00:19:02,1775348342,CRASH1000,5592.805,1,0.0039999999999054126,BACKFILL_AUTO
2026-04-05 00:19:03,1775348343,CRASH1000,5592.806,1,0.0009999999992942321,BACKFILL_AUTO
2026-04-05 00:19:04,1775348344,CRASH1000,5592.809,1,0.0030000000006111804,BACKFILL_AUTO
2026-04-05 00:19:05,1775348345,CRASH1000,5592.812,1,0.0029999999997016857,BACKFILL_AUTO
2026-04-05 00:19:06,1775348346,CRASH1000,5592.814,1,0.0020000000004074536,BACKFILL_AUTO
2026-04-05 00:19:07,1775348347,CRASH1000,5592.819,1,0.005000000000109139,BACKFILL_AUTO
2026-04-05 00:19:08,1775348348,CRASH1000,5592.822,1,0.0029999999997016857,BACKFILL_AUTO
2026-04-05 00:19:09,1775348349,CRASH1000,5592.824,1,0.001999999999497959,BACKFILL_AUTO
2026-04-05 00:19:10,1775348350,CRASH1000,5592.83,1,0.006000000000312866,BACKFILL_AUTO
2026-04-05 00:19:11,1775348351,CRASH1000,5592.831,1,0.0010000000002037268,BACKFILL_AUTO
2026-04-05 00:19:12,1775348352,CRASH1000,5592.834,1,0.0029999999997016857,BACKFILL_AUTO
2026-04-05 00:19:13,1775348353,CRASH1000,5592.841,1,0.007000000000516593,BACKFILL_AUTO
2026-04-05 00:19:14,1775348354,CRASH1000,5592.847,1,0.0059999999994033715,BACKFILL_AUTO
2026-04-05 00:19:15,1775348355,CRASH1000,5592.851,1,0.0039999999999054126,BACKFILL_AUTO
2026-04-05 00:19:16,1775348356,CRASH1000,5592.855,1,0.0039999999999054126,BACKFILL_AUTO
2026-04-05 00:19:17,1775348357,CRASH1000,5592.862,1,0.007000000000516593,BACKFILL_AUTO
2026-04-05 00:19:18,1775348358,CRASH1000,5592.868,1,0.006000000000312866,BACKFILL_AUTO
2026-04-05 00:19:19,1775348359,CRASH1000,5592.87,1,0.001999999999497959,BACKFILL_AUTO
2026-04-05 00:19:20,1775348360,CRASH1000,5592.876,1,0.006000000000312866,BACKFILL_AUTO
2026-04-05 00:19:21,1775348361,CRASH1000,5592.88,1,0.0039999999999054126,BACKFILL_AUTO
2026-04-05 00:19:22,1775348362,CRASH1000,5592.88,0,0.0,BACKFILL_AUTO
2026-04-05 00:19:23,1775348363,CRASH1000,5592.885,1,0.005000000000109139,BACKFILL_AUTO
2026-04-05 00:19:24,1775348364,CRASH1000,5592.898,1,0.012999999999919964,BACKFILL_AUTO
2026-04-05 00:19:25,1775348365,CRASH1000,5592.899,1,0.0010000000002037268,BACKFILL_AUTO
2026-04-05 00:19:26,1775348366,CRASH1000,5592.905,1,0.0059999999994033715,BACKFILL_AUTO
2026-04-05 00:19:27,1775348367,CRASH1000,5592.906,1,0.0010000000002037268,BACKFILL_AUTO
2026-04-05 00:19:28,1775348368,CRASH1000,5592.907,1,0.0010000000002037268,BACKFILL_AUTO
2026-04-05 00:19:29,1775348369,CRASH1000,5592.918,1,0.01099999999951251,BACKFILL_AUTO
2026-04-05 00:19:30,1775348370,CRASH1000,5592.918,0,0.0,BACKFILL_AUTO
2026-04-05 00:19:31,1775348371,CRASH1000,5592.919,1,0.0010000000002037268,BACKFILL_AUTO
2026-04-05 00:19:32,1775348372,CRASH1000,5592.929,1,0.010000000000218279,BACKFILL_AUTO
2026-04-05 00:19:33,1775348373,CRASH1000,5592.932,1,0.0029999999997016857,BACKFILL_AUTO
2026-04-05 00:19:34,1775348374,CRASH1000,5592.939,1,0.007000000000516593,BACKFILL_AUTO
2026-04-05 00:19:35,1775348375,CRASH1000,5592.944,1,0.005000000000109139,BACKFILL_AUTO
2026-04-05 00:19:36,1775348376,CRASH1000,5592.951,1,0.006999999999607098,BACKFILL_AUTO
2026-04-05 00:19:37,1775348377,CRASH1000,5592.953,1,0.0020000000004074536,BACKFILL_AUTO
2026-04-05 00:19:38,1775348378,CRASH1000,5592.953,0,0.0,BACKFILL_AUTO
2026-04-05 00:19:39,1775348379,CRASH1000,5592.962,1,0.009000000000014552,BACKFILL_AUTO
2026-04-05 00:19:40,1775348380,CRASH1000,5592.968,1,0.0059999999994033715,BACKFILL_AUTO
2026-04-05 00:19:41,1775348381,CRASH1000,5592.979,1,0.011000000000422006,BACKFILL_AUTO
2026-04-05 00:19:42,1775348382,CRASH1000,5592.985,1,0.0059999999994033715,BACKFILL_AUTO
2026-04-05 00:19:43,1775348383,CRASH1000,5592.997,1,0.012000000000625732,BACKFILL_AUTO
2026-04-05 00:19:44,1775348384,CRASH1000,5592.998,1,0.0009999999992942321,BACKFILL_AUTO
2026-04-05 00:19:45,1775348385,CRASH1000,5593.0,1,0.0020000000004074536,BACKFILL_AUTO
2026-04-05 00:19:46,1775348386,CRASH1000,5593.003,1,0.0029999999997016857,BACKFILL_AUTO
2026-04-05 00:19:47,1775348387,CRASH1000,5593.008,1,0.005000000000109139,BACKFILL_AUTO
2026-04-05 00:19:48,1775348388,CRASH1000,5593.019,1,0.011000000000422006,BACKFILL_AUTO
2026-04-05 00:19:49,1775348389,CRASH1000,5593.025,1,0.0059999999994033715,BACKFILL_AUTO
2026-04-05 00:19:50,1775348390,CRASH1000,5593.027,1,0.0020000000004074536,BACKFILL_AUTO
2026-04-05 00:19:51,1775348391,CRASH1000,5593.03,1,0.0029999999997016857,BACKFILL_AUTO
2026-04-05 00:19:52,1775348392,CRASH1000,5593.04,1,0.010000000000218279,BACKFILL_AUTO
2026-04-05 00:19:53,1775348393,CRASH1000,5593.042,1,0.0020000000004074536,BACKFILL_AUTO
2026-04-05 00:19:54,1775348394,CRASH1000,5593.058,1,0.01599999999962165,BACKFILL_AUTO
2026-04-05 00:19:55,1775348395,CRASH1000,5593.06,1,0.0020000000004074536,BACKFILL_AUTO
2026-04-05 00:19:56,1775348396,CRASH1000,5593.062,1,0.001999999999497959,BACKFILL_AUTO
2026-04-05 00:19:57,1775348397,CRASH1000,5593.071,1,0.009000000000014552,BACKFILL_AUTO
2026-04-05 00:19:58,1775348398,CRASH1000,5593.072,1,0.0010000000002037268,BACKFILL_AUTO
2026-04-05 00:19:59,1775348399,CRASH1000,5593.075,1,0.0029999999997016857,BACKFILL_AUTO
2026-04-05 00:20:00,1775348400,CRASH1000,5593.075,0,0.0,BACKFILL_AUTO
2026-04-05 00:20:01,1775348401,CRASH1000,5593.076,1,0.0010000000002037268,BACKFILL_AUTO
2026-04-05 00:20:02,1775348402,CRASH1000,5593.082,1,0.006000000000312866,BACKFILL_AUTO
2026-04-05 00:20:03,1775348403,CRASH1000,5593.089,1,0.006999999999607098,BACKFILL_AUTO
2026-04-05 00:20:04,1775348404,CRASH1000,5593.092,1,0.0029999999997016857,BACKFILL_AUTO
2026-04-05 00:20:05,1775348405,CRASH1000,5593.101,1,0.009000000000014552,BACKFILL_AUTO
2026-04-05 00:20:06,1775348406,CRASH1000,5593.103,1,0.0020000000004074536,BACKFILL_AUTO
2026-04-05 00:20:07,1775348407,CRASH1000,5593.11,1,0.006999999999607098,BACKFILL_AUTO
2026-04-05 00:20:08,1775348408,CRASH1000,5593.117,1,0.007000000000516593,BACKFILL_AUTO
2026-04-05 00:20:09,1775348409,CRASH1000,5593.119,1,0.001999999999497959,BACKFILL_AUTO
2026-04-05 00:20:10,1775348410,CRASH1000,5593.122,1,0.0030000000006111804,BACKFILL_AUTO
2026-04-05 00:20:11,1775348411,CRASH1000,5593.129,1,0.006999999999607098,BACKFILL_AUTO
2026-04-05 00:20:12,1775348412,CRASH1000,5593.134,1,0.005000000000109139,BACKFILL_AUTO
2026-04-05 00:20:13,1775348413,CRASH1000,5593.138,1,0.0039999999999054126,BACKFILL_AUTO
2026-04-05 00:20:14,1775348414,CRASH1000,5593.144,1,0.006000000000312866,BACKFILL_AUTO
2026-04-05 00:20:15,1775348415,CRASH1000,5593.148,1,0.0039999999999054126,BACKFILL_AUTO
2026-04-05 00:20:16,1775348416,CRASH1000,5593.163,1,0.014999999999417923,BACKFILL_AUTO
2026-04-05 00:20:17,1775348417,CRASH1000,5593.168,1,0.005000000000109139,BACKFILL_AUTO
2026-04-05 00:20:18,1775348418,CRASH1000,5593.174,1,0.006000000000312866,BACKFILL_AUTO
2026-04-05 00:20:19,1775348419,CRASH1000,5593.174,0,0.0,BACKFILL_AUTO
2026-04-05 00:20:20,1775348420,CRASH1000,5593.178,1,0.0039999999999054126,BACKFILL_AUTO
2026-04-05 00:20:21,1775348421,CRASH1000,5593.183,1,0.005000000000109139,BACKFILL_AUTO
2026-04-05 00:20:22,1775348422,CRASH1000,5593.19,1,0.006999999999607098,BACKFILL_AUTO
2026-04-05 00:20:23,1775348423,CRASH1000,5593.192,1,0.0020000000004074536,BACKFILL_AUTO
2026-04-05 00:20:24,1775348424,CRASH1000,5593.194,1,0.0020000000004074536,BACKFILL_AUTO
2026-04-05 00:20:25,1775348425,CRASH1000,5593.196,1,0.001999999999497959,BACKFILL_AUTO
2026-04-05 00:20:26,1775348426,CRASH1000,5593.198,1,0.0020000000004074536,BACKFILL_AUTO
2026-04-05 00:20:27,1775348427,CRASH1000,5593.2,1,0.001999999999497959,BACKFILL_AUTO
2026-04-05 00:20:28,1775348428,CRASH1000,5593.202,1,0.0020000000004074536,BACKFILL_AUTO
2026-04-05 00:20:29,1775348429,CRASH1000,5593.202,0,0.0,BACKFILL_AUTO
2026-04-05 00:20:30,1775348430,CRASH1000,5593.204,1,0.001999999999497959,BACKFILL_AUTO
2026-04-05 00:20:31,1775348431,CRASH1000,5593.212,1,0.00800000000072032,BACKFILL_AUTO
2026-04-05 00:20:32,1775348432,CRASH1000,5593.217,1,0.004999999999199645,BACKFILL_AUTO
2026-04-05 00:20:33,1775348433,CRASH1000,5593.224,1,0.007000000000516593,BACKFILL_AUTO
2026-04-05 00:20:34,1775348434,CRASH1000,5593.238,1,0.014000000000123691,BACKFILL_AUTO
2026-04-05 00:20:35,1775348435,CRASH1000,5593.24,1,0.001999999999497959,BACKFILL_AUTO
2026-04-05 00:20:36,1775348436,CRASH1000,5593.243,1,0.0030000000006111804,BACKFILL_AUTO
2026-04-05 00:20:37,1775348437,CRASH1000,5593.25,1,0.006999999999607098,BACKFILL_AUTO
2026-04-05 00:20:38,1775348438,CRASH1000,5593.256,1,0.006000000000312866,BACKFILL_AUTO
2026-04-05 00:20:39,1775348439,CRASH1000,5593.257,1,0.0009999999992942321,BACKFILL_AUTO
2026-04-05 00:20:40,1775348440,CRASH1000,5593.258,1,0.0010000000002037268,BACKFILL_AUTO
2026-04-05 00:20:41,1775348441,CRASH1000,5593.273,1,0.015000000000327418,BACKFILL_AUTO
2026-04-05 00:20:42,1775348442,CRASH1000,5593.276,1,0.0029999999997016857,BACKFILL_AUTO
2026-04-05 00:20:43,1775348443,CRASH1000,5593.28,1,0.0039999999999054126,BACKFILL_AUTO
2026-04-05 00:20:44,1775348444,CRASH1000,5593.292,1,0.012000000000625732,BACKFILL_AUTO
2026-04-05 00:20:45,1775348445,CRASH1000,5593.3,1,0.007999999999810825,BACKFILL_AUTO
2026-04-05 00:20:46,1775348446,CRASH1000,5593.305,1,0.005000000000109139,BACKFILL_AUTO
2026-04-05 00:20:47,1775348447,CRASH1000,5593.312,1,0.006999999999607098,BACKFILL_AUTO
2026-04-05 00:20:48,1775348448,CRASH1000,5593.314,1,0.0020000000004074536,BACKFILL_AUTO
2026-04-05 00:20:49,1775348449,CRASH1000,5593.315,1,0.0009999999992942321,BACKFILL_AUTO
2026-04-05 00:20:50,1775348450,CRASH1000,5593.322,1,0.007000000000516593,BACKFILL_AUTO
2026-04-05 00:20:51,1775348451,CRASH1000,5593.326,1,0.0039999999999054126,BACKFILL_AUTO
2026-04-05 00:20:52,1775348452,CRASH1000,5593.326,0,0.0,BACKFILL_AUTO
2026-04-05 00:20:53,1775348453,CRASH1000,5593.327,1,0.0010000000002037268,BACKFILL_AUTO
2026-04-05 00:20:54,1775348454,CRASH1000,5593.329,1,0.001999999999497959,BACKFILL_AUTO
2026-04-05 00:20:55,1775348455,CRASH1000,5593.336,1,0.007000000000516593,BACKFILL_AUTO
2026-04-05 00:20:56,1775348456,CRASH1000,5593.34,1,0.0039999999999054126,BACKFILL_AUTO
2026-04-05 00:20:57,1775348457,CRASH1000,5593.342,1,0.001999999999497959,BACKFILL_AUTO
2026-04-05 00:20:58,1775348458,CRASH1000,5593.343,1,0.0010000000002037268,BACKFILL_AUTO
2026-04-05 00:20:59,1775348459,CRASH1000,5593.352,1,0.009000000000014552,BACKFILL_AUTO
2026-04-05 00:21:00,1775348460,CRASH1000,5593.363,1,0.011000000000422006,BACKFILL_AUTO
2026-04-05 00:21:01,1775348461,CRASH1000,5593.373,1,0.009999999999308784,BACKFILL_AUTO
2026-04-05 00:21:02,1775348462,CRASH1000,5593.382,1,0.009000000000014552,BACKFILL_AUTO
2026-04-05 00:21:03,1775348463,CRASH1000,5593.384,1,0.0020000000004074536,BACKFILL_AUTO
2026-04-05 00:21:04,1775348464,CRASH1000,5593.387,1,0.0029999999997016857,BACKFILL_AUTO
2026-04-05 00:21:05,1775348465,CRASH1000,5593.389,1,0.0020000000004074536,BACKFILL_AUTO
2026-04-05 00:21:06,1775348466,CRASH1000,5593.396,1,0.006999999999607098,BACKFILL_AUTO
2026-04-05 00:21:07,1775348467,CRASH1000,5593.399,1,0.0030000000006111804,BACKFILL_AUTO
2026-04-05 00:21:08,1775348468,CRASH1000,5593.403,1,0.0039999999999054126,BACKFILL_AUTO
2026-04-05 00:21:09,1775348469,CRASH1000,5593.407,1,0.0039999999999054126,BACKFILL_AUTO
2026-04-05 00:21:10,1775348470,CRASH1000,5593.412,1,0.005000000000109139,BACKFILL_AUTO
2026-04-05 00:21:11,1775348471,CRASH1000,5593.423,1,0.01099999999951251,BACKFILL_AUTO
2026-04-05 00:21:12,1775348472,CRASH1000,5593.431,1,0.007999999999810825,BACKFILL_AUTO
2026-04-05 00:21:13,1775348473,CRASH1000,5593.433,1,0.0020000000004074536,BACKFILL_AUTO
2026-04-05 00:21:14,1775348474,CRASH1000,5593.438,1,0.005000000000109139,BACKFILL_AUTO
2026-04-05 00:21:15,1775348475,CRASH1000,5593.447,1,0.009000000000014552,BACKFILL_AUTO
2026-04-05 00:21:16,1775348476,CRASH1000,5593.46,1,0.012999999999919964,BACKFILL_AUTO
2026-04-05 00:21:17,1775348477,CRASH1000,5593.46,0,0.0,BACKFILL_AUTO
2026-04-05 00:21:18,1775348478,CRASH1000,5593.466,1,0.006000000000312866,BACKFILL_AUTO
2026-04-05 00:21:19,1775348479,CRASH1000,5593.471,1,0.004999999999199645,BACKFILL_AUTO
2026-04-05 00:21:20,1775348480,CRASH1000,5593.481,1,0.010000000000218279,BACKFILL_AUTO
2026-04-05 00:21:21,1775348481,CRASH1000,5593.486,1,0.005000000000109139,BACKFILL_AUTO
2026-04-05 00:21:22,1775348482,CRASH1000,5593.495,1,0.009000000000014552,BACKFILL_AUTO
2026-04-05 00:21:23,1775348483,CRASH1000,5593.508,1,0.012999999999919964,BACKFILL_AUTO
2026-04-05 00:21:24,1775348484,CRASH1000,5593.515,1,0.007000000000516593,BACKFILL_AUTO
2026-04-05 00:21:25,1775348485,CRASH1000,5593.52,1,0.005000000000109139,BACKFILL_AUTO
2026-04-05 00:21:26,1775348486,CRASH1000,5593.533,1,0.012999999999919964,BACKFILL_AUTO
2026-04-05 00:21:27,1775348487,CRASH1000,5593.538,1,0.004999999999199645,BACKFILL_AUTO
2026-04-05 00:21:28,1775348488,CRASH1000,5593.544,1,0.006000000000312866,BACKFILL_AUTO
2026-04-05 00:21:29,1775348489,CRASH1000,5593.545,1,0.0010000000002037268,BACKFILL_AUTO
2026-04-05 00:21:30,1775348490,CRASH1000,5593.545,0,0.0,BACKFILL_AUTO
2026-04-05 00:21:31,1775348491,CRASH1000,5593.555,1,0.010000000000218279,BACKFILL_AUTO
2026-04-05 00:21:32,1775348492,CRASH1000,5593.565,1,0.009999999999308784,BACKFILL_AUTO
2026-04-05 00:21:33,1775348493,CRASH1000,5593.567,1,0.0020000000004074536,BACKFILL_AUTO
2026-04-05 00:21:34,1775348494,CRASH1000,5593.576,1,0.009000000000014552,BACKFILL_AUTO
2026-04-05 00:21:35,1775348495,CRASH1000,5593.579,1,0.0029999999997016857,BACKFILL_AUTO
2026-04-05 00:21:36,1775348496,CRASH1000,5593.59,1,0.011000000000422006,BACKFILL_AUTO
2026-04-05 00:21:37,1775348497,CRASH1000,5593.602,1,0.011999999999716238,BACKFILL_AUTO
2026-04-05 00:21:38,1775348498,CRASH1000,5593.605,1,0.0029999999997016857,BACKFILL_AUTO
2026-04-05 00:21:39,1775348499,CRASH1000,5593.614,1,0.009000000000014552,BACKFILL_AUTO
2026-04-05 00:21:40,1775348500,CRASH1000,5593.625,1,0.011000000000422006,BACKFILL_AUTO
2026-04-05 00:21:41,1775348501,CRASH1000,5593.626,1,0.0010000000002037268,BACKFILL_AUTO
2026-04-05 00:21:42,1775348502,CRASH1000,5593.629,1,0.0029999999997016857,BACKFILL_AUTO
2026-04-05 00:21:43,1775348503,CRASH1000,5593.636,1,0.007000000000516593,BACKFILL_AUTO
2026-04-05 00:21:44,1775348504,CRASH1000,5593.641,1,0.004999999999199645,BACKFILL_AUTO
2026-04-05 00:21:45,1775348505,CRASH1000,5593.645,1,0.004000000000814907,BACKFILL_AUTO
2026-04-05 00:21:46,1775348506,CRASH1000,5593.649,1,0.0039999999999054126,BACKFILL_AUTO
2026-04-05 00:21:47,1775348507,CRASH1000,5593.649,0,0.0,BACKFILL_AUTO
2026-04-05 00:21:48,1775348508,CRASH1000,5593.652,1,0.0029999999997016857,BACKFILL_AUTO
2026-04-05 00:21:49,1775348509,CRASH1000,5593.652,0,0.0,BACKFILL_AUTO
2026-04-05 00:21:50,1775348510,CRASH1000,5593.658,1,0.006000000000312866,BACKFILL_AUTO
2026-04-05 00:21:51,1775348511,CRASH1000,5593.663,1,0.004999999999199645,BACKFILL_AUTO
2026-04-05 00:21:52,1775348512,CRASH1000,5593.674,1,0.011000000000422006,BACKFILL_AUTO
2026-04-05 00:21:53,1775348513,CRASH1000,5593.683,1,0.009000000000014552,BACKFILL_AUTO
2026-04-05 00:21:54,1775348514,CRASH1000,5593.693,1,0.010000000000218279,BACKFILL_AUTO
2026-04-05 00:21:55,1775348515,CRASH1000,5593.698,1,0.005000000000109139,BACKFILL_AUTO
2026-04-05 00:21:56,1775348516,CRASH1000,5593.708,1,0.009999999999308784,BACKFILL_AUTO
2026-04-05 00:21:57,1775348517,CRASH1000,5593.708,0,0.0,BACKFILL_AUTO
2026-04-05 00:21:58,1775348518,CRASH1000,5593.716,1,0.00800000000072032,BACKFILL_AUTO
2026-04-05 00:21:59,1775348519,CRASH1000,5593.722,1,0.0059999999994033715,BACKFILL_AUTO
2026-04-05 00:22:00,1775348520,CRASH1000,5593.728,1,0.006000000000312866,BACKFILL_AUTO
2026-04-05 00:22:01,1775348521,CRASH1000,5593.735,1,0.006999999999607098,BACKFILL_AUTO
2026-04-05 00:22:02,1775348522,CRASH1000,5593.748,1,0.012999999999919964,BACKFILL_AUTO
2026-04-05 00:22:03,1775348523,CRASH1000,5593.766,1,0.018000000000029104,BACKFILL_AUTO
2026-04-05 00:22:04,1775348524,CRASH1000,5593.773,1,0.007000000000516593,BACKFILL_AUTO
2026-04-05 00:22:05,1775348525,CRASH1000,5593.775,1,0.001999999999497959,BACKFILL_AUTO
2026-04-05 00:22:06,1775348526,CRASH1000,5593.778,1,0.0030000000006111804,BACKFILL_AUTO
2026-04-05 00:22:07,1775348527,CRASH1000,5593.783,1,0.005000000000109139,BACKFILL_AUTO
2026-04-05 00:22:08,1775348528,CRASH1000,5593.79,1,0.006999999999607098,BACKFILL_AUTO
2026-04-05 00:22:09,1775348529,CRASH1000,5593.791,1,0.0010000000002037268,BACKFILL_AUTO
2026-04-05 00:22:10,1775348530,CRASH1000,5593.797,1,0.0059999999994033715,BACKFILL_AUTO
2026-04-05 00:22:11,1775348531,CRASH1000,5593.811,1,0.014000000000123691,BACKFILL_AUTO
2026-04-05 00:22:12,1775348532,CRASH1000,5593.812,1,0.0010000000002037268,BACKFILL_AUTO
2026-04-05 00:22:13,1775348533,CRASH1000,5593.817,1,0.005000000000109139,BACKFILL_AUTO
2026-04-05 00:22:14,1775348534,CRASH1000,5593.826,1,0.009000000000014552,BACKFILL_AUTO
2026-04-05 00:22:15,1775348535,CRASH1000,5593.838,1,0.011999999999716238,BACKFILL_AUTO
2026-04-05 00:22:16,1775348536,CRASH1000,5593.841,1,0.0030000000006111804,BACKFILL_AUTO
2026-04-05 00:22:17,1775348537,CRASH1000,5593.854,1,0.012999999999919964,BACKFILL_AUTO
2026-04-05 00:22:18,1775348538,CRASH1000,5593.861,1,0.006999999999607098,BACKFILL_AUTO
2026-04-05 00:22:19,1775348539,CRASH1000,5593.867,1,0.006000000000312866,BACKFILL_AUTO
2026-04-05 00:22:20,1775348540,CRASH1000,5593.873,1,0.0059999999994033715,BACKFILL_AUTO
2026-04-05 00:22:21,1775348541,CRASH1000,5593.887,1,0.014000000000123691,BACKFILL_AUTO
2026-04-05 00:22:22,1775348542,CRASH1000,5593.889,1,0.0020000000004074536,BACKFILL_AUTO
2026-04-05 00:22:23,1775348543,CRASH1000,5593.89,1,0.0010000000002037268,BACKFILL_AUTO
2026-04-05 00:22:24,1775348544,CRASH1000,5593.897,1,0.006999999999607098,BACKFILL_AUTO
2026-04-05 00:22:25,1775348545,CRASH1000,5593.909,1,0.011999999999716238,BACKFILL_AUTO
2026-04-05 00:22:26,1775348546,CRASH1000,5593.918,1,0.009000000000014552,BACKFILL_AUTO
2026-04-05 00:22:27,1775348547,CRASH1000,5593.921,1,0.0030000000006111804,BACKFILL_AUTO
2026-04-05 00:22:28,1775348548,CRASH1000,5593.926,1,0.005000000000109139,BACKFILL_AUTO
2026-04-05 00:22:29,1775348549,CRASH1000,5593.934,1,0.007999999999810825,BACKFILL_AUTO
2026-04-05 00:22:30,1775348550,CRASH1000,5593.939,1,0.005000000000109139,BACKFILL_AUTO
2026-04-05 00:22:31,1775348551,CRASH1000,5593.95,1,0.01099999999951251,BACKFILL_AUTO
2026-04-05 00:22:32,1775348552,CRASH1000,5593.958,1,0.007999999999810825,BACKFILL_AUTO
2026-04-05 00:22:33,1775348553,CRASH1000,5593.962,1,0.004000000000814907,BACKFILL_AUTO
2026-04-05 00:22:34,1775348554,CRASH1000,5593.969,1,0.006999999999607098,BACKFILL_AUTO
2026-04-05 00:22:35,1775348555,CRASH1000,5593.974,1,0.005000000000109139,BACKFILL_AUTO
2026-04-05 00:22:36,1775348556,CRASH1000,5593.974,0,0.0,BACKFILL_AUTO
2026-04-05 00:22:37,1775348557,CRASH1000,5593.977,1,0.0029999999997016857,BACKFILL_AUTO
2026-04-05 00:22:38,1775348558,CRASH1000,5593.978,1,0.0010000000002037268,BACKFILL_AUTO
2026-04-05 00:22:39,1775348559,CRASH1000,5593.986,1,0.007999999999810825,BACKFILL_AUTO
2026-04-05 00:22:40,1775348560,CRASH1000,5593.991,1,0.005000000000109139,BACKFILL_AUTO
2026-04-05 00:22:41,1775348561,CRASH1000,5593.994,1,0.0029999999997016857,BACKFILL_AUTO
2026-04-05 00:22:42,1775348562,CRASH1000,5593.997,1,0.0030000000006111804,BACKFILL_AUTO
2026-04-05 00:22:43,1775348563,CRASH1000,5594.003,1,0.0059999999994033715,BACKFILL_AUTO
2026-04-05 00:22:44,1775348564,CRASH1000,5594.006,1,0.0030000000006111804,BACKFILL_AUTO
2026-04-05 00:22:45,1775348565,CRASH1000,5594.013,1,0.006999999999607098,BACKFILL_AUTO
2026-04-05 00:22:46,1775348566,CRASH1000,5594.022,1,0.009000000000014552,BACKFILL_AUTO
2026-04-05 00:22:47,1775348567,CRASH1000,5594.03,1,0.007999999999810825,BACKFILL_AUTO
2026-04-05 00:22:48,1775348568,CRASH1000,5594.04,1,0.010000000000218279,BACKFILL_AUTO
2026-04-05 00:22:49,1775348569,CRASH1000,5594.04,0,0.0,BACKFILL_AUTO
2026-04-05 00:22:50,1775348570,CRASH1000,5594.044,1,0.0039999999999054126,BACKFILL_AUTO
2026-04-05 00:22:51,1775348571,CRASH1000,5594.048,1,0.0039999999999054126,BACKFILL_AUTO
2026-04-05 00:22:52,1775348572,CRASH1000,5594.049,1,0.0010000000002037268,BACKFILL_AUTO
2026-04-05 00:22:53,1775348573,CRASH1000,5594.049,0,0.0,BACKFILL_AUTO
2026-04-05 00:22:54,1775348574,CRASH1000,5594.058,1,0.009000000000014552,BACKFILL_AUTO
2026-04-05 00:22:55,1775348575,CRASH1000,5594.058,0,0.0,BACKFILL_AUTO
2026-04-05 00:22:56,1775348576,CRASH1000,5594.067,1,0.009000000000014552,BACKFILL_AUTO
2026-04-05 00:22:57,1775348577,CRASH1000,5594.082,1,0.015000000000327418,BACKFILL_AUTO
2026-04-05 00:22:58,1775348578,CRASH1000,5594.085,1,0.0029999999997016857,BACKFILL_AUTO
2026-04-05 00:22:59,1775348579,CRASH1000,5594.099,1,0.014000000000123691,BACKFILL_AUTO
2026-04-05 00:23:00,1775348580,CRASH1000,5594.11,1,0.01099999999951251,BACKFILL_AUTO
2026-04-05 00:23:01,1775348581,CRASH1000,5594.12,1,0.010000000000218279,BACKFILL_AUTO
2026-04-05 00:23:02,1775348582,CRASH1000,5592.149,-1,1.970999999999549,BACKFILL_AUTO
2026-04-05 00:23:03,1775348583,CRASH1000,5592.155,1,0.0059999999994033715,BACKFILL_AUTO
2026-04-05 00:23:04,1775348584,CRASH1000,5592.156,1,0.0010000000002037268,BACKFILL_AUTO
2026-04-05 00:23:05,1775348585,CRASH1000,5592.16,1,0.0039999999999054126,BACKFILL_AUTO
2026-04-05 00:23:06,1775348586,CRASH1000,5592.161,1,0.0010000000002037268,BACKFILL_AUTO
2026-04-05 00:23:07,1775348587,CRASH1000,5592.167,1,0.006000000000312866,BACKFILL_AUTO
2026-04-05 00:23:08,1775348588,CRASH1000,5592.17,1,0.0029999999997016857,BACKFILL_AUTO
2026-04-05 00:23:09,1775348589,CRASH1000,5592.177,1,0.006999999999607098,BACKFILL_AUTO
2026-04-05 00:23:10,1775348590,CRASH1000,5592.186,1,0.009000000000014552,BACKFILL_AUTO
2026-04-05 00:23:11,1775348591,CRASH1000,5592.196,1,0.010000000000218279,BACKFILL_AUTO
2026-04-05 00:23:12,1775348592,CRASH1000,5592.199,1,0.0029999999997016857,BACKFILL_AUTO
2026-04-05 00:23:13,1775348593,CRASH1000,5592.205,1,0.006000000000312866,BACKFILL_AUTO
2026-04-05 00:23:14,1775348594,CRASH1000,5592.212,1,0.007000000000516593,BACKFILL_AUTO
2026-04-05 00:23:15,1775348595,CRASH1000,5592.226,1,0.013999999999214197,BACKFILL_AUTO
2026-04-05 00:23:16,1775348596,CRASH1000,5592.232,1,0.006000000000312866,BACKFILL_AUTO
2026-04-05 00:23:17,1775348597,CRASH1000,5592.233,1,0.0010000000002037268,BACKFILL_AUTO
2026-04-05 00:23:18,1775348598,CRASH1000,5592.238,1,0.005000000000109139,BACKFILL_AUTO
2026-04-05 00:23:19,1775348599,CRASH1000,5592.244,1,0.0059999999994033715,BACKFILL_AUTO
2026-04-05 00:23:20,1775348600,CRASH1000,5592.245,1,0.0010000000002037268,BACKFILL_AUTO
2026-04-05 00:23:21,1775348601,CRASH1000,5592.25,1,0.005000000000109139,BACKFILL_AUTO
2026-04-05 00:23:22,1775348602,CRASH1000,5592.25,0,0.0,BACKFILL_AUTO
2026-04-05 00:23:23,1775348603,CRASH1000,5592.254,1,0.0039999999999054126,BACKFILL_AUTO
2026-04-05 00:23:24,1775348604,CRASH1000,5592.262,1,0.007999999999810825,BACKFILL_AUTO
2026-04-05 00:23:25,1775348605,CRASH1000,5592.268,1,0.006000000000312866,BACKFILL_AUTO
2026-04-05 00:23:26,1775348606,CRASH1000,5592.276,1,0.007999999999810825,BACKFILL_AUTO
2026-04-05 00:23:27,1775348607,CRASH1000,5592.277,1,0.0010000000002037268,BACKFILL_AUTO
2026-04-05 00:23:28,1775348608,CRASH1000,5592.29,1,0.012999999999919964,BACKFILL_AUTO
2026-04-05 00:23:29,1775348609,CRASH1000,5592.291,1,0.0010000000002037268,BACKFILL_AUTO
2026-04-05 00:23:30,1775348610,CRASH1000,5592.299,1,0.007999999999810825,BACKFILL_AUTO
2026-04-05 00:23:31,1775348611,CRASH1000,5592.303,1,0.0039999999999054126,BACKFILL_AUTO
2026-04-05 00:23:32,1775348612,CRASH1000,5592.306,1,0.0029999999997016857,BACKFILL_AUTO
2026-04-05 00:23:33,1775348613,CRASH1000,5592.307,1,0.0010000000002037268,BACKFILL_AUTO
2026-04-05 00:23:34,1775348614,CRASH1000,5592.311,1,0.0039999999999054126,BACKFILL_AUTO
2026-04-05 00:23:35,1775348615,CRASH1000,5592.313,1,0.0020000000004074536,BACKFILL_AUTO
2026-04-05 00:23:36,1775348616,CRASH1000,5592.313,0,0.0,BACKFILL_AUTO
2026-04-05 00:23:37,1775348617,CRASH1000,5592.318,1,0.005000000000109139,BACKFILL_AUTO
2026-04-05 00:23:38,1775348618,CRASH1000,5592.322,1,0.0039999999999054126,BACKFILL_AUTO
2026-04-05 00:23:39,1775348619,CRASH1000,5592.324,1,0.001999999999497959,BACKFILL_AUTO
2026-04-05 00:23:40,1775348620,CRASH1000,5592.329,1,0.005000000000109139,BACKFILL_AUTO
2026-04-05 00:23:41,1775348621,CRASH1000,5592.331,1,0.0020000000004074536,BACKFILL_AUTO
2026-04-05 00:23:42,1775348622,CRASH1000,5592.335,1,0.0039999999999054126,BACKFILL_AUTO
2026-04-05 00:23:43,1775348623,CRASH1000,5592.335,0,0.0,BACKFILL_AUTO
2026-04-05 00:23:44,1775348624,CRASH1000,5592.338,1,0.0029999999997016857,BACKFILL_AUTO
2026-04-05 00:23:45,1775348625,CRASH1000,5592.354,1,0.016000000000531145,BACKFILL_AUTO
2026-04-05 00:23:46,1775348626,CRASH1000,5592.36,1,0.0059999999994033715,BACKFILL_AUTO
2026-04-05 00:23:47,1775348627,CRASH1000,5592.367,1,0.007000000000516593,BACKFILL_AUTO
2026-04-05 00:23:48,1775348628,CRASH1000,5592.369,1,0.001999999999497959,BACKFILL_AUTO
2026-04-05 00:23:49,1775348629,CRASH1000,5592.371,1,0.0020000000004074536,BACKFILL_AUTO
2026-04-05 00:23:50,1775348630,CRASH1000,5592.376,1,0.005000000000109139,BACKFILL_AUTO
2026-04-05 00:23:51,1775348631,CRASH1000,5592.382,1,0.0059999999994033715,BACKFILL_AUTO
2026-04-05 00:23:52,1775348632,CRASH1000,5592.382,0,0.0,BACKFILL_AUTO
2026-04-05 00:23:53,1775348633,CRASH1000,5592.394,1,0.012000000000625732,BACKFILL_AUTO
2026-04-05 00:23:54,1775348634,CRASH1000,5592.398,1,0.0039999999999054126,BACKFILL_AUTO
2026-04-05 00:23:55,1775348635,CRASH1000,5592.414,1,0.01599999999962165,BACKFILL_AUTO
2026-04-05 00:23:56,1775348636,CRASH1000,5592.418,1,0.0039999999999054126,BACKFILL_AUTO
2026-04-05 00:23:57,1775348637,CRASH1000,5592.429,1,0.011000000000422006,BACKFILL_AUTO
2026-04-05 00:23:58,1775348638,CRASH1000,5592.433,1,0.0039999999999054126,BACKFILL_AUTO
2026-04-05 00:23:59,1775348639,CRASH1000,5592.435,1,0.0020000000004074536,BACKFILL_AUTO
2026-04-05 00:24:00,1775348640,CRASH1000,5592.45,1,0.014999999999417923,BACKFILL_AUTO
2026-04-05 00:24:01,1775348641,CRASH1000,5592.452,1,0.0020000000004074536,BACKFILL_AUTO
2026-04-05 00:24:02,1775348642,CRASH1000,5592.458,1,0.0059999999994033715,BACKFILL_AUTO
2026-04-05 00:24:03,1775348643,CRASH1000,5592.463,1,0.005000000000109139,BACKFILL_AUTO
2026-04-05 00:24:04,1775348644,CRASH1000,5592.472,1,0.009000000000014552,BACKFILL_AUTO
2026-04-05 00:24:05,1775348645,CRASH1000,5592.482,1,0.010000000000218279,BACKFILL_AUTO
2026-04-05 00:24:06,1775348646,CRASH1000,5592.486,1,0.0039999999999054126,BACKFILL_AUTO
2026-04-05 00:24:07,1775348647,CRASH1000,5592.487,1,0.0010000000002037268,BACKFILL_AUTO
2026-04-05 00:24:08,1775348648,CRASH1000,5592.494,1,0.006999999999607098,BACKFILL_AUTO
2026-04-05 00:24:09,1775348649,CRASH1000,5592.502,1,0.00800000000072032,BACKFILL_AUTO
2026-04-05 00:24:10,1775348650,CRASH1000,5592.512,1,0.009999999999308784,BACKFILL_AUTO
2026-04-05 00:24:11,1775348651,CRASH1000,5592.514,1,0.0020000000004074536,BACKFILL_AUTO
2026-04-05 00:24:12,1775348652,CRASH1000,5592.515,1,0.0010000000002037268,BACKFILL_AUTO
2026-04-05 00:24:13,1775348653,CRASH1000,5592.516,1,0.0009999999992942321,BACKFILL_AUTO
2026-04-05 00:24:14,1775348654,CRASH1000,5592.526,1,0.010000000000218279,BACKFILL_AUTO
2026-04-05 00:24:15,1775348655,CRASH1000,5592.532,1,0.006000000000312866,BACKFILL_AUTO
2026-04-05 00:24:16,1775348656,CRASH1000,5592.536,1,0.0039999999999054126,BACKFILL_AUTO
2026-04-05 00:24:17,1775348657,CRASH1000,5592.546,1,0.010000000000218279,BACKFILL_AUTO
2026-04-05 00:24:18,1775348658,CRASH1000,5592.55,1,0.0039999999999054126,BACKFILL_AUTO
2026-04-05 00:24:19,1775348659,CRASH1000,5592.56,1,0.010000000000218279,BACKFILL_AUTO
2026-04-05 00:24:20,1775348660,CRASH1000,5592.568,1,0.007999999999810825,BACKFILL_AUTO
2026-04-05 00:24:21,1775348661,CRASH1000,5592.574,1,0.0059999999994033715,BACKFILL_AUTO
2026-04-05 00:24:22,1775348662,CRASH1000,5592.58,1,0.006000000000312866,BACKFILL_AUTO
2026-04-05 00:24:23,1775348663,CRASH1000,5592.581,1,0.0010000000002037268,BACKFILL_AUTO
2026-04-05 00:24:24,1775348664,CRASH1000,5592.582,1,0.0010000000002037268,BACKFILL_AUTO
2026-04-05 00:24:25,1775348665,CRASH1000,5592.588,1,0.0059999999994033715,BACKFILL_AUTO
2026-04-05 00:24:26,1775348666,CRASH1000,5592.596,1,0.007999999999810825,BACKFILL_AUTO
2026-04-05 00:24:27,1775348667,CRASH1000,5592.605,1,0.009000000000014552,BACKFILL_AUTO
2026-04-05 00:24:28,1775348668,CRASH1000,5592.611,1,0.006000000000312866,BACKFILL_AUTO
2026-04-05 00:24:29,1775348669,CRASH1000,5592.619,1,0.007999999999810825,BACKFILL_AUTO
2026-04-05 00:24:30,1775348670,CRASH1000,5592.629,1,0.010000000000218279,BACKFILL_AUTO
2026-04-05 00:24:31,1775348671,CRASH1000,5592.631,1,0.0020000000004074536,BACKFILL_AUTO
2026-04-05 00:24:32,1775348672,CRASH1000,5592.648,1,0.016999999999825377,BACKFILL_AUTO
2026-04-05 00:24:33,1775348673,CRASH1000,5592.652,1,0.0039999999999054126,BACKFILL_AUTO
2026-04-05 00:24:34,1775348674,CRASH1000,5592.656,1,0.0039999999999054126,BACKFILL_AUTO
2026-04-05 00:24:35,1775348675,CRASH1000,5592.66,1,0.0039999999999054126,BACKFILL_AUTO
2026-04-05 00:24:36,1775348676,CRASH1000,5592.666,1,0.006000000000312866,BACKFILL_AUTO
2026-04-05 00:24:37,1775348677,CRASH1000,5592.674,1,0.007999999999810825,BACKFILL_AUTO
2026-04-05 00:24:38,1775348678,CRASH1000,5592.684,1,0.010000000000218279,BACKFILL_AUTO
2026-04-05 00:24:39,1775348679,CRASH1000,5592.684,0,0.0,BACKFILL_AUTO
2026-04-05 00:24:40,1775348680,CRASH1000,5592.696,1,0.011999999999716238,BACKFILL_AUTO
2026-04-05 00:24:41,1775348681,CRASH1000,5592.697,1,0.0010000000002037268,BACKFILL_AUTO
2026-04-05 00:24:42,1775348682,CRASH1000,5592.699,1,0.001999999999497959,BACKFILL_AUTO
2026-04-05 00:24:43,1775348683,CRASH1000,5592.706,1,0.007000000000516593,BACKFILL_AUTO
2026-04-05 00:24:44,1775348684,CRASH1000,5592.709,1,0.0029999999997016857,BACKFILL_AUTO
2026-04-05 00:24:45,1775348685,CRASH1000,5592.709,0,0.0,BACKFILL_AUTO
2026-04-05 00:24:46,1775348686,CRASH1000,5592.715,1,0.006000000000312866,BACKFILL_AUTO
2026-04-05 00:24:47,1775348687,CRASH1000,5592.72,1,0.005000000000109139,BACKFILL_AUTO
2026-04-05 00:24:48,1775348688,CRASH1000,5592.722,1,0.001999999999497959,BACKFILL_AUTO
2026-04-05 00:24:49,1775348689,CRASH1000,5592.731,1,0.009000000000014552,BACKFILL_AUTO
2026-04-05 00:24:50,1775348690,CRASH1000,5592.742,1,0.011000000000422006,BACKFILL_AUTO
2026-04-05 00:24:51,1775348691,CRASH1000,5592.754,1,0.011999999999716238,BACKFILL_AUTO
2026-04-05 00:24:52,1775348692,CRASH1000,5592.761,1,0.007000000000516593,BACKFILL_AUTO
2026-04-05 00:24:53,1775348693,CRASH1000,5592.773,1,0.011999999999716238,BACKFILL_AUTO
2026-04-05 00:24:54,1775348694,CRASH1000,5592.775,1,0.001999999999497959,BACKFILL_AUTO
2026-04-05 00:24:55,1775348695,CRASH1000,5592.779,1,0.004000000000814907,BACKFILL_AUTO
2026-04-05 00:24:56,1775348696,CRASH1000,5592.783,1,0.0039999999999054126,BACKFILL_AUTO
2026-04-05 00:24:57,1775348697,CRASH1000,5592.788,1,0.004999999999199645,BACKFILL_AUTO
2026-04-05 00:24:58,1775348698,CRASH1000,5592.788,0,0.0,BACKFILL_AUTO
2026-04-05 00:24:59,1775348699,CRASH1000,5592.797,1,0.009000000000014552,BACKFILL_AUTO
2026-04-05 00:25:00,1775348700,CRASH1000,5592.802,1,0.005000000000109139,BACKFILL_AUTO
2026-04-05 00:25:01,1775348701,CRASH1000,5592.809,1,0.007000000000516593,BACKFILL_AUTO
2026-04-05 00:25:02,1775348702,CRASH1000,5592.821,1,0.011999999999716238,BACKFILL_AUTO
2026-04-05 00:25:03,1775348703,CRASH1000,5592.824,1,0.0029999999997016857,BACKFILL_AUTO
2026-04-05 00:25:04,1775348704,CRASH1000,5592.836,1,0.012000000000625732,BACKFILL_AUTO
2026-04-05 00:25:05,1775348705,CRASH1000,5592.842,1,0.0059999999994033715,BACKFILL_AUTO
2026-04-05 00:25:06,1775348706,CRASH1000,5592.852,1,0.010000000000218279,BACKFILL_AUTO
2026-04-05 00:25:07,1775348707,CRASH1000,5592.864,1,0.011999999999716238,BACKFILL_AUTO
2026-04-05 00:25:08,1775348708,CRASH1000,5592.865,1,0.0010000000002037268,BACKFILL_AUTO
2026-04-05 00:25:09,1775348709,CRASH1000,5592.874,1,0.009000000000014552,BACKFILL_AUTO
2026-04-05 00:25:10,1775348710,CRASH1000,5592.878,1,0.0039999999999054126,BACKFILL_AUTO
2026-04-05 00:25:11,1775348711,CRASH1000,5592.885,1,0.007000000000516593,BACKFILL_AUTO
2026-04-05 00:25:12,1775348712,CRASH1000,5592.895,1,0.010000000000218279,BACKFILL_AUTO
2026-04-05 00:25:13,1775348713,CRASH1000,5592.9,1,0.004999999999199645,BACKFILL_AUTO
2026-04-05 00:25:14,1775348714,CRASH1000,5592.905,1,0.005000000000109139,BACKFILL_AUTO
2026-04-05 00:25:15,1775348715,CRASH1000,5592.909,1,0.0039999999999054126,BACKFILL_AUTO
2026-04-05 00:25:16,1775348716,CRASH1000,5592.912,1,0.0030000000006111804,BACKFILL_AUTO
2026-04-05 00:25:17,1775348717,CRASH1000,5592.915,1,0.0029999999997016857,BACKFILL_AUTO
2026-04-05 00:25:18,1775348718,CRASH1000,5592.917,1,0.0020000000004074536,BACKFILL_AUTO
2026-04-05 00:25:19,1775348719,CRASH1000,5592.919,1,0.001999999999497959,BACKFILL_AUTO
2026-04-05 00:25:20,1775348720,CRASH1000,5592.932,1,0.012999999999919964,BACKFILL_AUTO
2026-04-05 00:25:21,1775348721,CRASH1000,5592.933,1,0.0010000000002037268,BACKFILL_AUTO
2026-04-05 00:25:22,1775348722,CRASH1000,5592.934,1,0.0010000000002037268,BACKFILL_AUTO
2026-04-05 00:25:23,1775348723,CRASH1000,5592.937,1,0.0029999999997016857,BACKFILL_AUTO
2026-04-05 00:25:24,1775348724,CRASH1000,5592.94,1,0.0029999999997016857,BACKFILL_AUTO
2026-04-05 00:25:25,1775348725,CRASH1000,5592.941,1,0.0010000000002037268,BACKFILL_AUTO
2026-04-05 00:25:26,1775348726,CRASH1000,5592.952,1,0.011000000000422006,BACKFILL_AUTO
2026-04-05 00:25:27,1775348727,CRASH1000,5592.959,1,0.006999999999607098,BACKFILL_AUTO
2026-04-05 00:25:28,1775348728,CRASH1000,5592.961,1,0.0020000000004074536,BACKFILL_AUTO
2026-04-05 00:25:29,1775348729,CRASH1000,5592.963,1,0.001999999999497959,BACKFILL_AUTO
2026-04-05 00:25:30,1775348730,CRASH1000,5592.972,1,0.009000000000014552,BACKFILL_AUTO
2026-04-05 00:25:31,1775348731,CRASH1000,5592.984,1,0.012000000000625732,BACKFILL_AUTO
2026-04-05 00:25:32,1775348732,CRASH1000,5592.996,1,0.011999999999716238,BACKFILL_AUTO
2026-04-05 00:25:33,1775348733,CRASH1000,5593.003,1,0.006999999999607098,BACKFILL_AUTO
2026-04-05 00:25:34,1775348734,CRASH1000,5593.004,1,0.0010000000002037268,BACKFILL_AUTO
2026-04-05 00:25:35,1775348735,CRASH1000,5593.01,1,0.006000000000312866,BACKFILL_AUTO
2026-04-05 00:25:36,1775348736,CRASH1000,5593.012,1,0.001999999999497959,BACKFILL_AUTO
2026-04-05 00:25:37,1775348737,CRASH1000,5593.013,1,0.0010000000002037268,BACKFILL_AUTO
2026-04-05 00:25:38,1775348738,CRASH1000,5593.018,1,0.005000000000109139,BACKFILL_AUTO
2026-04-05 00:25:39,1775348739,CRASH1000,5593.029,1,0.011000000000422006,BACKFILL_AUTO
2026-04-05 00:25:40,1775348740,CRASH1000,5593.037,1,0.007999999999810825,BACKFILL_AUTO
2026-04-05 00:25:41,1775348741,CRASH1000,5593.04,1,0.0029999999997016857,BACKFILL_AUTO
2026-04-05 00:25:42,1775348742,CRASH1000,5593.041,1,0.0010000000002037268,BACKFILL_AUTO
2026-04-05 00:25:43,1775348743,CRASH1000,5593.041,0,0.0,BACKFILL_AUTO
2026-04-05 00:25:44,1775348744,CRASH1000,5593.047,1,0.0059999999994033715,BACKFILL_AUTO
2026-04-05 00:25:45,1775348745,CRASH1000,5593.053,1,0.006000000000312866,BACKFILL_AUTO
2026-04-05 00:25:46,1775348746,CRASH1000,5593.06,1,0.007000000000516593,BACKFILL_AUTO
2026-04-05 00:25:47,1775348747,CRASH1000,5593.063,1,0.0029999999997016857,BACKFILL_AUTO
2026-04-05 00:25:48,1775348748,CRASH1000,5593.065,1,0.001999999999497959,BACKFILL_AUTO
2026-04-05 00:25:49,1775348749,CRASH1000,5593.072,1,0.007000000000516593,BACKFILL_AUTO
2026-04-05 00:25:50,1775348750,CRASH1000,5593.086,1,0.014000000000123691,BACKFILL_AUTO
2026-04-05 00:25:51,1775348751,CRASH1000,5593.091,1,0.005000000000109139,BACKFILL_AUTO
2026-04-05 00:25:52,1775348752,CRASH1000,5593.094,1,0.0029999999997016857,BACKFILL_AUTO
2026-04-05 00:25:53,1775348753,CRASH1000,5593.099,1,0.005000000000109139,BACKFILL_AUTO
2026-04-05 00:25:54,1775348754,CRASH1000,5593.102,1,0.0029999999997016857,BACKFILL_AUTO
2026-04-05 00:25:55,1775348755,CRASH1000,5593.103,1,0.0010000000002037268,BACKFILL_AUTO
2026-04-05 00:25:56,1775348756,CRASH1000,5593.107,1,0.0039999999999054126,BACKFILL_AUTO
2026-04-05 00:25:57,1775348757,CRASH1000,5593.114,1,0.006999999999607098,BACKFILL_AUTO
2026-04-05 00:25:58,1775348758,CRASH1000,5593.116,1,0.0020000000004074536,BACKFILL_AUTO
2026-04-05 00:25:59,1775348759,CRASH1000,5593.118,1,0.0020000000004074536,BACKFILL_AUTO
2026-04-05 00:26:00,1775348760,CRASH1000,5593.127,1,0.009000000000014552,BACKFILL_AUTO
2026-04-05 00:26:01,1775348761,CRASH1000,5593.13,1,0.0029999999997016857,BACKFILL_AUTO
2026-04-05 00:26:02,1775348762,CRASH1000,5593.14,1,0.010000000000218279,BACKFILL_AUTO
2026-04-05 00:26:03,1775348763,CRASH1000,5593.14,0,0.0,BACKFILL_AUTO
2026-04-05 00:26:04,1775348764,CRASH1000,5593.142,1,0.001999999999497959,BACKFILL_AUTO
2026-04-05 00:26:05,1775348765,CRASH1000,5593.152,1,0.010000000000218279,BACKFILL_AUTO
2026-04-05 00:26:06,1775348766,CRASH1000,5593.164,1,0.011999999999716238,BACKFILL_AUTO
2026-04-05 00:26:07,1775348767,CRASH1000,5593.176,1,0.012000000000625732,BACKFILL_AUTO
2026-04-05 00:26:08,1775348768,CRASH1000,5593.181,1,0.004999999999199645,BACKFILL_AUTO
2026-04-05 00:26:09,1775348769,CRASH1000,5593.19,1,0.009000000000014552,BACKFILL_AUTO
2026-04-05 00:26:10,1775348770,CRASH1000,5593.193,1,0.0030000000006111804,BACKFILL_AUTO
2026-04-05 00:26:11,1775348771,CRASH1000,5593.199,1,0.0059999999994033715,BACKFILL_AUTO
2026-04-05 00:26:12,1775348772,CRASH1000,5593.202,1,0.0030000000006111804,BACKFILL_AUTO
2026-04-05 00:26:13,1775348773,CRASH1000,5593.202,0,0.0,BACKFILL_AUTO
2026-04-05 00:26:14,1775348774,CRASH1000,5593.205,1,0.0029999999997016857,BACKFILL_AUTO
2026-04-05 00:26:15,1775348775,CRASH1000,5593.219,1,0.014000000000123691,BACKFILL_AUTO
2026-04-05 00:26:16,1775348776,CRASH1000,5593.22,1,0.0010000000002037268,BACKFILL_AUTO
2026-04-05 00:26:17,1775348777,CRASH1000,5593.222,1,0.001999999999497959,BACKFILL_AUTO
2026-04-05 00:26:18,1775348778,CRASH1000,5593.227,1,0.005000000000109139,BACKFILL_AUTO
2026-04-05 00:26:19,1775348779,CRASH1000,5593.235,1,0.007999999999810825,BACKFILL_AUTO
2026-04-05 00:26:20,1775348780,CRASH1000,5593.239,1,0.0039999999999054126,BACKFILL_AUTO
2026-04-05 00:26:21,1775348781,CRASH1000,5593.244,1,0.005000000000109139,BACKFILL_AUTO
2026-04-05 00:26:22,1775348782,CRASH1000,5593.25,1,0.006000000000312866,BACKFILL_AUTO
2026-04-05 00:26:23,1775348783,CRASH1000,5593.257,1,0.006999999999607098,BACKFILL_AUTO
2026-04-05 00:26:24,1775348784,CRASH1000,5593.258,1,0.0010000000002037268,BACKFILL_AUTO
2026-04-05 00:26:25,1775348785,CRASH1000,5593.271,1,0.012999999999919964,BACKFILL_AUTO
2026-04-05 00:26:26,1775348786,CRASH1000,5593.277,1,0.006000000000312866,BACKFILL_AUTO
2026-04-05 00:26:27,1775348787,CRASH1000,5593.281,1,0.0039999999999054126,BACKFILL_AUTO
2026-04-05 00:26:28,1775348788,CRASH1000,5593.282,1,0.0010000000002037268,BACKFILL_AUTO
2026-04-05 00:26:29,1775348789,CRASH1000,5593.283,1,0.0010000000002037268,BACKFILL_AUTO
2026-04-05 00:26:30,1775348790,CRASH1000,5593.295,1,0.011999999999716238,BACKFILL_AUTO
2026-04-05 00:26:31,1775348791,CRASH1000,5593.303,1,0.007999999999810825,BACKFILL_AUTO
2026-04-05 00:26:32,1775348792,CRASH1000,5593.307,1,0.0039999999999054126,BACKFILL_AUTO
2026-04-05 00:26:33,1775348793,CRASH1000,5593.309,1,0.0020000000004074536,BACKFILL_AUTO
2026-04-05 00:26:34,1775348794,CRASH1000,5593.311,1,0.001999999999497959,BACKFILL_AUTO
2026-04-05 00:26:35,1775348795,CRASH1000,5593.312,1,0.0010000000002037268,BACKFILL_AUTO
2026-04-05 00:26:36,1775348796,CRASH1000,5593.323,1,0.011000000000422006,BACKFILL_AUTO
2026-04-05 00:26:37,1775348797,CRASH1000,5593.328,1,0.005000000000109139,BACKFILL_AUTO
2026-04-05 00:26:38,1775348798,CRASH1000,5593.332,1,0.0039999999999054126,BACKFILL_AUTO
2026-04-05 00:26:39,1775348799,CRASH1000,5593.339,1,0.006999999999607098,BACKFILL_AUTO
2026-04-05 00:26:40,1775348800,CRASH1000,5593.341,1,0.0020000000004074536,BACKFILL_AUTO
2026-04-05 00:26:41,1775348801,CRASH1000,5593.348,1,0.006999999999607098,BACKFILL_AUTO
2026-04-05 00:26:42,1775348802,CRASH1000,5593.358,1,0.010000000000218279,BACKFILL_AUTO
2026-04-05 00:26:43,1775348803,CRASH1000,5593.372,1,0.014000000000123691,BACKFILL_AUTO
2026-04-05 00:26:44,1775348804,CRASH1000,5593.378,1,0.0059999999994033715,BACKFILL_AUTO
2026-04-05 00:26:45,1775348805,CRASH1000,5593.384,1,0.006000000000312866,BACKFILL_AUTO
2026-04-05 00:26:46,1775348806,CRASH1000,5593.393,1,0.009000000000014552,BACKFILL_AUTO
2026-04-05 00:26:47,1775348807,CRASH1000,5593.402,1,0.009000000000014552,BACKFILL_AUTO
2026-04-05 00:26:48,1775348808,CRASH1000,5593.404,1,0.0020000000004074536,BACKFILL_AUTO
2026-04-05 00:26:49,1775348809,CRASH1000,5593.408,1,0.0039999999999054126,BACKFILL_AUTO
2026-04-05 00:26:50,1775348810,CRASH1000,5593.411,1,0.0029999999997016857,BACKFILL_AUTO
2026-04-05 00:26:51,1775348811,CRASH1000,5593.418,1,0.006999999999607098,BACKFILL_AUTO
2026-04-05 00:26:52,1775348812,CRASH1000,5593.432,1,0.014000000000123691,BACKFILL_AUTO
2026-04-05 00:26:53,1775348813,CRASH1000,5593.437,1,0.005000000000109139,BACKFILL_AUTO
2026-04-05 00:26:54,1775348814,CRASH1000,5593.441,1,0.0039999999999054126,BACKFILL_AUTO
2026-04-05 00:26:55,1775348815,CRASH1000,5593.444,1,0.0030000000006111804,BACKFILL_AUTO
2026-04-05 00:26:56,1775348816,CRASH1000,5593.449,1,0.004999999999199645,BACKFILL_AUTO
2026-04-05 00:26:57,1775348817,CRASH1000,5593.451,1,0.0020000000004074536,BACKFILL_AUTO
2026-04-05 00:26:58,1775348818,CRASH1000,5593.461,1,0.010000000000218279,BACKFILL_AUTO
2026-04-05 00:26:59,1775348819,CRASH1000,5593.477,1,0.01599999999962165,BACKFILL_AUTO
2026-04-05 00:27:00,1775348820,CRASH1000,5593.478,1,0.0010000000002037268,BACKFILL_AUTO
2026-04-05 00:27:01,1775348821,CRASH1000,5593.478,0,0.0,BACKFILL_AUTO
2026-04-05 00:27:02,1775348822,CRASH1000,5593.492,1,0.014000000000123691,BACKFILL_AUTO
2026-04-05 00:27:03,1775348823,CRASH1000,5593.504,1,0.011999999999716238,BACKFILL_AUTO
2026-04-05 00:27:04,1775348824,CRASH1000,5593.507,1,0.0029999999997016857,BACKFILL_AUTO
2026-04-05 00:27:05,1775348825,CRASH1000,5593.508,1,0.0010000000002037268,BACKFILL_AUTO
2026-04-05 00:27:06,1775348826,CRASH1000,5593.516,1,0.007999999999810825,BACKFILL_AUTO
2026-04-05 00:27:07,1775348827,CRASH1000,5593.528,1,0.012000000000625732,BACKFILL_AUTO
2026-04-05 00:27:08,1775348828,CRASH1000,5593.529,1,0.0010000000002037268,BACKFILL_AUTO
2026-04-05 00:27:09,1775348829,CRASH1000,5593.542,1,0.012999999999919964,BACKFILL_AUTO
2026-04-05 00:27:10,1775348830,CRASH1000,5593.548,1,0.0059999999994033715,BACKFILL_AUTO
2026-04-05 00:27:11,1775348831,CRASH1000,5593.549,1,0.0010000000002037268,BACKFILL_AUTO
2026-04-05 00:27:12,1775348832,CRASH1000,5593.554,1,0.005000000000109139,BACKFILL_AUTO
2026-04-05 00:27:13,1775348833,CRASH1000,5593.559,1,0.005000000000109139,BACKFILL_AUTO
2026-04-05 00:27:14,1775348834,CRASH1000,5593.561,1,0.001999999999497959,BACKFILL_AUTO
2026-04-05 00:27:15,1775348835,CRASH1000,5593.567,1,0.006000000000312866,BACKFILL_AUTO
2026-04-05 00:27:16,1775348836,CRASH1000,5593.57,1,0.0029999999997016857,BACKFILL_AUTO
2026-04-05 00:27:17,1775348837,CRASH1000,5593.577,1,0.007000000000516593,BACKFILL_AUTO
2026-04-05 00:27:18,1775348838,CRASH1000,5593.582,1,0.005000000000109139,BACKFILL_AUTO
2026-04-05 00:27:19,1775348839,CRASH1000,5593.585,1,0.0029999999997016857,BACKFILL_AUTO
2026-04-05 00:27:20,1775348840,CRASH1000,5593.588,1,0.0029999999997016857,BACKFILL_AUTO
2026-04-05 00:27:21,1775348841,CRASH1000,5593.594,1,0.006000000000312866,BACKFILL_AUTO
2026-04-05 00:27:22,1775348842,CRASH1000,5593.594,0,0.0,BACKFILL_AUTO
2026-04-05 00:27:23,1775348843,CRASH1000,5593.595,1,0.0010000000002037268,BACKFILL_AUTO
2026-04-05 00:27:24,1775348844,CRASH1000,5593.596,1,0.0009999999992942321,BACKFILL_AUTO
2026-04-05 00:27:25,1775348845,CRASH1000,5593.605,1,0.009000000000014552,BACKFILL_AUTO
2026-04-05 00:27:26,1775348846,CRASH1000,5593.606,1,0.0010000000002037268,BACKFILL_AUTO
2026-04-05 00:27:27,1775348847,CRASH1000,5593.61,1,0.0039999999999054126,BACKFILL_AUTO
2026-04-05 00:27:28,1775348848,CRASH1000,5593.629,1,0.01900000000023283,BACKFILL_AUTO
2026-04-05 00:27:29,1775348849,CRASH1000,5593.631,1,0.0020000000004074536,BACKFILL_AUTO
2026-04-05 00:27:30,1775348850,CRASH1000,5593.644,1,0.012999999999919964,BACKFILL_AUTO
2026-04-05 00:27:31,1775348851,CRASH1000,5593.649,1,0.005000000000109139,BACKFILL_AUTO
2026-04-05 00:27:32,1775348852,CRASH1000,5593.653,1,0.0039999999999054126,BACKFILL_AUTO
2026-04-05 00:27:33,1775348853,CRASH1000,5593.66,1,0.006999999999607098,BACKFILL_AUTO
2026-04-05 00:27:34,1775348854,CRASH1000,5593.667,1,0.007000000000516593,BACKFILL_AUTO
2026-04-05 00:27:35,1775348855,CRASH1000,5593.667,0,0.0,BACKFILL_AUTO
2026-04-05 00:27:36,1775348856,CRASH1000,5593.67,1,0.0029999999997016857,BACKFILL_AUTO
2026-04-05 00:27:37,1775348857,CRASH1000,5593.671,1,0.0010000000002037268,BACKFILL_AUTO
2026-04-05 00:27:38,1775348858,CRASH1000,5593.68,1,0.009000000000014552,BACKFILL_AUTO
2026-04-05 00:27:39,1775348859,CRASH1000,5593.684,1,0.0039999999999054126,BACKFILL_AUTO
2026-04-05 00:27:40,1775348860,CRASH1000,5593.693,1,0.009000000000014552,BACKFILL_AUTO
2026-04-05 00:27:41,1775348861,CRASH1000,5593.693,0,0.0,BACKFILL_AUTO
2026-04-05 00:27:42,1775348862,CRASH1000,5593.698,1,0.005000000000109139,BACKFILL_AUTO
2026-04-05 00:27:43,1775348863,CRASH1000,5593.707,1,0.009000000000014552,BACKFILL_AUTO
2026-04-05 00:27:44,1775348864,CRASH1000,5593.717,1,0.009999999999308784,BACKFILL_AUTO
2026-04-05 00:27:45,1775348865,CRASH1000,5593.727,1,0.010000000000218279,BACKFILL_AUTO
2026-04-05 00:27:46,1775348866,CRASH1000,5593.727,0,0.0,BACKFILL_AUTO
2026-04-05 00:27:47,1775348867,CRASH1000,5593.739,1,0.011999999999716238,BACKFILL_AUTO
2026-04-05 00:27:48,1775348868,CRASH1000,5593.743,1,0.004000000000814907,BACKFILL_AUTO
2026-04-05 00:27:49,1775348869,CRASH1000,5593.744,1,0.0009999999992942321,BACKFILL_AUTO
2026-04-05 00:27:50,1775348870,CRASH1000,5593.755,1,0.011000000000422006,BACKFILL_AUTO
2026-04-05 00:27:51,1775348871,CRASH1000,5593.755,0,0.0,BACKFILL_AUTO
2026-04-05 00:27:52,1775348872,CRASH1000,5593.76,1,0.005000000000109139,BACKFILL_AUTO
2026-04-05 00:27:53,1775348873,CRASH1000,5593.767,1,0.006999999999607098,BACKFILL_AUTO
2026-04-05 00:27:54,1775348874,CRASH1000,5593.771,1,0.0039999999999054126,BACKFILL_AUTO
2026-04-05 00:27:55,1775348875,CRASH1000,5593.785,1,0.014000000000123691,BACKFILL_AUTO
2026-04-05 00:27:56,1775348876,CRASH1000,5593.789,1,0.0039999999999054126,BACKFILL_AUTO
2026-04-05 00:27:57,1775348877,CRASH1000,5593.79,1,0.0010000000002037268,BACKFILL_AUTO
2026-04-05 00:27:58,1775348878,CRASH1000,5593.795,1,0.005000000000109139,BACKFILL_AUTO
2026-04-05 00:27:59,1775348879,CRASH1000,5593.802,1,0.006999999999607098,BACKFILL_AUTO
2026-04-05 00:28:00,1775348880,CRASH1000,5593.807,1,0.005000000000109139,BACKFILL_AUTO
2026-04-05 00:28:01,1775348881,CRASH1000,5593.813,1,0.006000000000312866,BACKFILL_AUTO
2026-04-05 00:28:02,1775348882,CRASH1000,5593.831,1,0.018000000000029104,BACKFILL_AUTO
2026-04-05 00:28:03,1775348883,CRASH1000,5593.835,1,0.0039999999999054126,BACKFILL_AUTO
2026-04-05 00:28:04,1775348884,CRASH1000,5593.851,1,0.01599999999962165,BACKFILL_AUTO
2026-04-05 00:28:05,1775348885,CRASH1000,5593.857,1,0.006000000000312866,BACKFILL_AUTO
2026-04-05 00:28:06,1775348886,CRASH1000,5593.861,1,0.0039999999999054126,BACKFILL_AUTO
2026-04-05 00:28:07,1775348887,CRASH1000,5593.862,1,0.0010000000002037268,BACKFILL_AUTO
2026-04-05 00:28:08,1775348888,CRASH1000,5593.867,1,0.005000000000109139,BACKFILL_AUTO
2026-04-05 00:28:09,1775348889,CRASH1000,5593.873,1,0.0059999999994033715,BACKFILL_AUTO
2026-04-05 00:28:10,1775348890,CRASH1000,5593.878,1,0.005000000000109139,BACKFILL_AUTO
2026-04-05 00:28:11,1775348891,CRASH1000,5593.881,1,0.0030000000006111804,BACKFILL_AUTO
2026-04-05 00:28:12,1775348892,CRASH1000,5593.882,1,0.0009999999992942321,BACKFILL_AUTO
2026-04-05 00:28:13,1775348893,CRASH1000,5593.899,1,0.01700000000073487,BACKFILL_AUTO
2026-04-05 00:28:14,1775348894,CRASH1000,5593.904,1,0.005000000000109139,BACKFILL_AUTO
2026-04-05 00:28:15,1775348895,CRASH1000,5593.912,1,0.007999999999810825,BACKFILL_AUTO
2026-04-05 00:28:16,1775348896,CRASH1000,5593.913,1,0.0009999999992942321,BACKFILL_AUTO
2026-04-05 00:28:17,1775348897,CRASH1000,5593.915,1,0.0020000000004074536,BACKFILL_AUTO
2026-04-05 00:28:18,1775348898,CRASH1000,5593.917,1,0.0020000000004074536,BACKFILL_AUTO
2026-04-05 00:28:19,1775348899,CRASH1000,5593.917,0,0.0,BACKFILL_AUTO
2026-04-05 00:28:20,1775348900,CRASH1000,5593.923,1,0.0059999999994033715,BACKFILL_AUTO
2026-04-05 00:28:21,1775348901,CRASH1000,5593.923,0,0.0,BACKFILL_AUTO
2026-04-05 00:28:22,1775348902,CRASH1000,5593.931,1,0.007999999999810825,BACKFILL_AUTO
2026-04-05 00:28:23,1775348903,CRASH1000,5593.933,1,0.0020000000004074536,BACKFILL_AUTO
2026-04-05 00:28:24,1775348904,CRASH1000,5593.937,1,0.0039999999999054126,BACKFILL_AUTO
2026-04-05 00:28:25,1775348905,CRASH1000,5593.939,1,0.0020000000004074536,BACKFILL_AUTO
2026-04-05 00:28:26,1775348906,CRASH1000,5593.95,1,0.01099999999951251,BACKFILL_AUTO
2026-04-05 00:28:27,1775348907,CRASH1000,5593.952,1,0.0020000000004074536,BACKFILL_AUTO
2026-04-05 00:28:28,1775348908,CRASH1000,5593.956,1,0.0039999999999054126,BACKFILL_AUTO
2026-04-05 00:28:29,1775348909,CRASH1000,5593.962,1,0.006000000000312866,BACKFILL_AUTO
2026-04-05 00:28:30,1775348910,CRASH1000,5593.969,1,0.006999999999607098,BACKFILL_AUTO
2026-04-05 00:28:31,1775348911,CRASH1000,5593.975,1,0.006000000000312866,BACKFILL_AUTO
2026-04-05 00:28:32,1775348912,CRASH1000,5593.982,1,0.006999999999607098,BACKFILL_AUTO
2026-04-05 00:28:33,1775348913,CRASH1000,5593.983,1,0.0010000000002037268,BACKFILL_AUTO
2026-04-05 00:28:34,1775348914,CRASH1000,5593.984,1,0.0010000000002037268,BACKFILL_AUTO
2026-04-05 00:28:35,1775348915,CRASH1000,5593.985,1,0.0009999999992942321,BACKFILL_AUTO
2026-04-05 00:28:36,1775348916,CRASH1000,5594.003,1,0.018000000000029104,BACKFILL_AUTO
2026-04-05 00:28:37,1775348917,CRASH1000,5594.003,0,0.0,BACKFILL_AUTO
2026-04-05 00:28:38,1775348918,CRASH1000,5594.008,1,0.005000000000109139,BACKFILL_AUTO
2026-04-05 00:28:39,1775348919,CRASH1000,5594.014,1,0.006000000000312866,BACKFILL_AUTO
2026-04-05 00:28:40,1775348920,CRASH1000,5594.022,1,0.007999999999810825,BACKFILL_AUTO
2026-04-05 00:28:41,1775348921,CRASH1000,5594.026,1,0.0039999999999054126,BACKFILL_AUTO
2026-04-05 00:28:42,1775348922,CRASH1000,5594.026,0,0.0,BACKFILL_AUTO
2026-04-05 00:28:43,1775348923,CRASH1000,5594.034,1,0.007999999999810825,BACKFILL_AUTO
2026-04-05 00:28:44,1775348924,CRASH1000,5594.042,1,0.00800000000072032,BACKFILL_AUTO
2026-04-05 00:28:45,1775348925,CRASH1000,5594.052,1,0.009999999999308784,BACKFILL_AUTO
2026-04-05 00:28:46,1775348926,CRASH1000,5594.058,1,0.006000000000312866,BACKFILL_AUTO
2026-04-05 00:28:47,1775348927,CRASH1000,5594.058,0,0.0,BACKFILL_AUTO
2026-04-05 00:28:48,1775348928,CRASH1000,5594.066,1,0.007999999999810825,BACKFILL_AUTO
2026-04-05 00:28:49,1775348929,CRASH1000,5594.074,1,0.007999999999810825,BACKFILL_AUTO
2026-04-05 00:28:50,1775348930,CRASH1000,5594.086,1,0.012000000000625732,BACKFILL_AUTO
2026-04-05 00:28:51,1775348931,CRASH1000,5594.09,1,0.0039999999999054126,BACKFILL_AUTO
2026-04-05 00:28:52,1775348932,CRASH1000,5594.092,1,0.001999999999497959,BACKFILL_AUTO
2026-04-05 00:28:53,1775348933,CRASH1000,5594.097,1,0.005000000000109139,BACKFILL_AUTO
2026-04-05 00:28:54,1775348934,CRASH1000,5594.108,1,0.011000000000422006,BACKFILL_AUTO
2026-04-05 00:28:55,1775348935,CRASH1000,5594.109,1,0.0010000000002037268,BACKFILL_AUTO
2026-04-05 00:28:56,1775348936,CRASH1000,5594.112,1,0.0029999999997016857,BACKFILL_AUTO
2026-04-05 00:28:57,1775348937,CRASH1000,5594.115,1,0.0029999999997016857,BACKFILL_AUTO
2026-04-05 00:28:58,1775348938,CRASH1000,5594.119,1,0.0039999999999054126,BACKFILL_AUTO
2026-04-05 00:28:59,1775348939,CRASH1000,5594.122,1,0.0030000000006111804,BACKFILL_AUTO
2026-04-05 00:29:00,1775348940,CRASH1000,5594.123,1,0.0009999999992942321,BACKFILL_AUTO
2026-04-05 00:29:01,1775348941,CRASH1000,5594.132,1,0.009000000000014552,BACKFILL_AUTO
2026-04-05 00:29:02,1775348942,CRASH1000,5594.138,1,0.006000000000312866,BACKFILL_AUTO
2026-04-05 00:29:03,1775348943,CRASH1000,5594.139,1,0.0010000000002037268,BACKFILL_AUTO
2026-04-05 00:29:04,1775348944,CRASH1000,5594.143,1,0.0039999999999054126,BACKFILL_AUTO
2026-04-05 00:29:05,1775348945,CRASH1000,5594.149,1,0.006000000000312866,BACKFILL_AUTO
2026-04-05 00:29:06,1775348946,CRASH1000,5594.163,1,0.013999999999214197,BACKFILL_AUTO
2026-04-05 00:29:07,1775348947,CRASH1000,5594.166,1,0.0030000000006111804,BACKFILL_AUTO
2026-04-05 00:29:08,1775348948,CRASH1000,5594.169,1,0.0029999999997016857,BACKFILL_AUTO
2026-04-05 00:29:09,1775348949,CRASH1000,5594.169,0,0.0,BACKFILL_AUTO
2026-04-05 00:29:10,1775348950,CRASH1000,5594.177,1,0.007999999999810825,BACKFILL_AUTO
2026-04-05 00:29:11,1775348951,CRASH1000,5594.178,1,0.0010000000002037268,BACKFILL_AUTO
2026-04-05 00:29:12,1775348952,CRASH1000,5594.182,1,0.0039999999999054126,BACKFILL_AUTO
2026-04-05 00:29:13,1775348953,CRASH1000,5594.192,1,0.010000000000218279,BACKFILL_AUTO
2026-04-05 00:29:14,1775348954,CRASH1000,5594.2,1,0.007999999999810825,BACKFILL_AUTO
2026-04-05 00:29:15,1775348955,CRASH1000,5594.21,1,0.010000000000218279,BACKFILL_AUTO
2026-04-05 00:29:16,1775348956,CRASH1000,5594.218,1,0.007999999999810825,BACKFILL_AUTO
2026-04-05 00:29:17,1775348957,CRASH1000,5594.227,1,0.009000000000014552,BACKFILL_AUTO
2026-04-05 00:29:18,1775348958,CRASH1000,5594.23,1,0.0029999999997016857,BACKFILL_AUTO
2026-04-05 00:29:19,1775348959,CRASH1000,5594.234,1,0.004000000000814907,BACKFILL_AUTO
2026-04-05 00:29:20,1775348960,CRASH1000,5594.252,1,0.018000000000029104,BACKFILL_AUTO
2026-04-05 00:29:21,1775348961,CRASH1000,5594.263,1,0.01099999999951251,BACKFILL_AUTO
2026-04-05 00:29:22,1775348962,CRASH1000,5594.275,1,0.011999999999716238,BACKFILL_AUTO
2026-04-05 00:29:23,1775348963,CRASH1000,5594.284,1,0.009000000000014552,BACKFILL_AUTO
2026-04-05 00:29:24,1775348964,CRASH1000,5594.29,1,0.006000000000312866,BACKFILL_AUTO
2026-04-05 00:29:25,1775348965,CRASH1000,5594.295,1,0.005000000000109139,BACKFILL_AUTO
2026-04-05 00:29:26,1775348966,CRASH1000,5594.304,1,0.009000000000014552,BACKFILL_AUTO
2026-04-05 00:29:27,1775348967,CRASH1000,5594.307,1,0.0029999999997016857,BACKFILL_AUTO
2026-04-05 00:29:28,1775348968,CRASH1000,5594.311,1,0.0039999999999054126,BACKFILL_AUTO
2026-04-05 00:29:29,1775348969,CRASH1000,5594.317,1,0.006000000000312866,BACKFILL_AUTO
2026-04-05 00:29:30,1775348970,CRASH1000,5594.328,1,0.011000000000422006,BACKFILL_AUTO
2026-04-05 00:29:31,1775348971,CRASH1000,5594.332,1,0.0039999999999054126,BACKFILL_AUTO
2026-04-05 00:29:32,1775348972,CRASH1000,5594.343,1,0.01099999999951251,BACKFILL_AUTO
2026-04-05 00:29:33,1775348973,CRASH1000,5594.349,1,0.006000000000312866,BACKFILL_AUTO
2026-04-05 00:29:34,1775348974,CRASH1000,5594.358,1,0.009000000000014552,BACKFILL_AUTO
2026-04-05 00:29:35,1775348975,CRASH1000,5594.361,1,0.0029999999997016857,BACKFILL_AUTO
2026-04-05 00:29:36,1775348976,CRASH1000,5594.362,1,0.0010000000002037268,BACKFILL_AUTO
2026-04-05 00:29:37,1775348977,CRASH1000,5594.368,1,0.006000000000312866,BACKFILL_AUTO
2026-04-05 00:29:38,1775348978,CRASH1000,5594.37,1,0.001999999999497959,BACKFILL_AUTO
2026-04-05 00:29:39,1775348979,CRASH1000,5594.378,1,0.007999999999810825,BACKFILL_AUTO
2026-04-05 00:29:40,1775348980,CRASH1000,5594.388,1,0.010000000000218279,BACKFILL_AUTO
2026-04-05 00:29:41,1775348981,CRASH1000,5594.391,1,0.0029999999997016857,BACKFILL_AUTO
2026-04-05 00:29:42,1775348982,CRASH1000,5594.398,1,0.007000000000516593,BACKFILL_AUTO
2026-04-05 00:29:43,1775348983,CRASH1000,5594.41,1,0.011999999999716238,BACKFILL_AUTO
2026-04-05 00:29:44,1775348984,CRASH1000,5594.411,1,0.0010000000002037268,BACKFILL_AUTO
2026-04-05 00:29:45,1775348985,CRASH1000,5594.414,1,0.0029999999997016857,BACKFILL_AUTO
2026-04-05 00:29:46,1775348986,CRASH1000,5594.42,1,0.006000000000312866,BACKFILL_AUTO
2026-04-05 00:29:47,1775348987,CRASH1000,5594.427,1,0.006999999999607098,BACKFILL_AUTO
2026-04-05 00:29:48,1775348988,CRASH1000,5594.433,1,0.006000000000312866,BACKFILL_AUTO
2026-04-05 00:29:49,1775348989,CRASH1000,5594.434,1,0.0010000000002037268,BACKFILL_AUTO
2026-04-05 00:29:50,1775348990,CRASH1000,5594.437,1,0.0029999999997016857,BACKFILL_AUTO
2026-04-05 00:29:51,1775348991,CRASH1000,5594.444,1,0.007000000000516593,BACKFILL_AUTO
2026-04-05 00:29:52,1775348992,CRASH1000,5594.445,1,0.0009999999992942321,BACKFILL_AUTO
2026-04-05 00:29:53,1775348993,CRASH1000,5594.448,1,0.0030000000006111804,BACKFILL_AUTO
2026-04-05 00:29:54,1775348994,CRASH1000,5594.451,1,0.0029999999997016857,BACKFILL_AUTO
2026-04-05 00:29:55,1775348995,CRASH1000,5594.459,1,0.007999999999810825,BACKFILL_AUTO
2026-04-05 00:29:56,1775348996,CRASH1000,5594.463,1,0.0039999999999054126,BACKFILL_AUTO
2026-04-05 00:29:57,1775348997,CRASH1000,5594.467,1,0.0039999999999054126,BACKFILL_AUTO
2026-04-05 00:29:58,1775348998,CRASH1000,5594.471,1,0.0039999999999054126,BACKFILL_AUTO
2026-04-05 00:29:59,1775348999,CRASH1000,5594.472,1,0.0010000000002037268,BACKFILL_AUTO
2026-04-05 00:30:00,1775349000,CRASH1000,5594.478,1,0.006000000000312866,BACKFILL_AUTO
2026-04-05 00:30:01,1775349001,CRASH1000,5594.481,1,0.0029999999997016857,BACKFILL_AUTO
2026-04-05 00:30:02,1775349002,CRASH1000,5594.497,1,0.016000000000531145,BACKFILL_AUTO
2026-04-05 00:30:03,1775349003,CRASH1000,5594.5,1,0.0029999999997016857,BACKFILL_AUTO
2026-04-05 00:30:04,1775349004,CRASH1000,5594.508,1,0.007999999999810825,BACKFILL_AUTO
2026-04-05 00:30:05,1775349005,CRASH1000,5594.514,1,0.006000000000312866,BACKFILL_AUTO
2026-04-05 00:30:06,1775349006,CRASH1000,5594.514,0,0.0,BACKFILL_AUTO
2026-04-05 00:30:07,1775349007,CRASH1000,5594.518,1,0.0039999999999054126,BACKFILL_AUTO
2026-04-05 00:30:08,1775349008,CRASH1000,5594.527,1,0.009000000000014552,BACKFILL_AUTO
2026-04-05 00:30:09,1775349009,CRASH1000,5594.527,0,0.0,BACKFILL_AUTO
2026-04-05 00:30:10,1775349010,CRASH1000,5594.539,1,0.011999999999716238,BACKFILL_AUTO
2026-04-05 00:30:11,1775349011,CRASH1000,5594.544,1,0.005000000000109139,BACKFILL_AUTO
2026-04-05 00:30:12,1775349012,CRASH1000,5594.544,0,0.0,BACKFILL_AUTO
2026-04-05 00:30:13,1775349013,CRASH1000,5594.549,1,0.005000000000109139,BACKFILL_AUTO
2026-04-05 00:30:14,1775349014,CRASH1000,5594.554,1,0.005000000000109139,BACKFILL_AUTO
2026-04-05 00:30:15,1775349015,CRASH1000,5594.556,1,0.001999999999497959,BACKFILL_AUTO
2026-04-05 00:30:16,1775349016,CRASH1000,5594.564,1,0.00800000000072032,BACKFILL_AUTO
2026-04-05 00:30:17,1775349017,CRASH1000,5594.565,1,0.0009999999992942321,BACKFILL_AUTO
2026-04-05 00:30:18,1775349018,CRASH1000,5594.577,1,0.012000000000625732,BACKFILL_AUTO
2026-04-05 00:30:19,1775349019,CRASH1000,5594.581,1,0.0039999999999054126,BACKFILL_AUTO
2026-04-05 00:30:20,1775349020,CRASH1000,5594.586,1,0.005000000000109139,BACKFILL_AUTO
2026-04-05 00:30:21,1775349021,CRASH1000,5594.588,1,0.001999999999497959,BACKFILL_AUTO
2026-04-05 00:30:22,1775349022,CRASH1000,5594.592,1,0.0039999999999054126,BACKFILL_AUTO
2026-04-05 00:30:23,1775349023,CRASH1000,5594.597,1,0.005000000000109139,BACKFILL_AUTO
2026-04-05 00:30:24,1775349024,CRASH1000,5594.609,1,0.012000000000625732,BACKFILL_AUTO
2026-04-05 00:30:25,1775349025,CRASH1000,5594.611,1,0.001999999999497959,BACKFILL_AUTO
2026-04-05 00:30:26,1775349026,CRASH1000,5594.613,1,0.0020000000004074536,BACKFILL_AUTO
2026-04-05 00:30:27,1775349027,CRASH1000,5594.617,1,0.0039999999999054126,BACKFILL_AUTO
2026-04-05 00:30:28,1775349028,CRASH1000,5594.62,1,0.0029999999997016857,BACKFILL_AUTO
