timestamp,unix_time,instrument,price,direction,tick_size,session_id
2026-04-04 09:27:38,1775294858,CRASH1000,5505.364,0,,BACKFILL_AUTO
2026-04-04 09:27:39,1775294859,CRASH1000,5505.368,1,0.004000000000814907,BACKFILL_AUTO
2026-04-04 09:27:40,1775294860,CRASH1000,5505.375,1,0.006999999999607098,BACKFILL_AUTO
2026-04-04 09:27:41,1775294861,CRASH1000,5505.379,1,0.0039999999999054126,BACKFILL_AUTO
2026-04-04 09:27:42,1775294862,CRASH1000,5505.385,1,0.006000000000312866,BACKFILL_AUTO
2026-04-04 09:27:43,1775294863,CRASH1000,5505.392,1,0.006999999999607098,BACKFILL_AUTO
2026-04-04 09:27:44,1775294864,CRASH1000,5505.393,1,0.0010000000002037268,BACKFILL_AUTO
2026-04-04 09:27:45,1775294865,CRASH1000,5505.396,1,0.0029999999997016857,BACKFILL_AUTO
2026-04-04 09:27:46,1775294866,CRASH1000,5505.399,1,0.0030000000006111804,BACKFILL_AUTO
2026-04-04 09:27:47,1775294867,CRASH1000,5505.406,1,0.006999999999607098,BACKFILL_AUTO
2026-04-04 09:27:48,1775294868,CRASH1000,5505.418,1,0.011999999999716238,BACKFILL_AUTO
2026-04-04 09:27:49,1775294869,CRASH1000,5505.419,1,0.0010000000002037268,BACKFILL_AUTO
2026-04-04 09:27:50,1775294870,CRASH1000,5505.419,0,0.0,BACKFILL_AUTO
2026-04-04 09:27:51,1775294871,CRASH1000,5505.422,1,0.0029999999997016857,BACKFILL_AUTO
2026-04-04 09:27:52,1775294872,CRASH1000,5505.426,1,0.004000000000814907,BACKFILL_AUTO
2026-04-04 09:27:53,1775294873,CRASH1000,5505.432,1,0.0059999999994033715,BACKFILL_AUTO
2026-04-04 09:27:54,1775294874,CRASH1000,5505.435,1,0.0030000000006111804,BACKFILL_AUTO
2026-04-04 09:27:55,1775294875,CRASH1000,5505.448,1,0.012999999999919964,BACKFILL_AUTO
2026-04-04 09:27:56,1775294876,CRASH1000,5505.449,1,0.0009999999992942321,BACKFILL_AUTO
2026-04-04 09:27:57,1775294877,CRASH1000,5505.455,1,0.006000000000312866,BACKFILL_AUTO
2026-04-04 09:27:58,1775294878,CRASH1000,5505.463,1,0.007999999999810825,BACKFILL_AUTO
2026-04-04 09:27:59,1775294879,CRASH1000,5505.478,1,0.015000000000327418,BACKFILL_AUTO
2026-04-04 09:28:00,1775294880,CRASH1000,5505.491,1,0.012999999999919964,BACKFILL_AUTO
2026-04-04 09:28:01,1775294881,CRASH1000,5505.499,1,0.007999999999810825,BACKFILL_AUTO
2026-04-04 09:28:02,1775294882,CRASH1000,5505.505,1,0.006000000000312866,BACKFILL_AUTO
2026-04-04 09:28:03,1775294883,CRASH1000,5505.51,1,0.005000000000109139,BACKFILL_AUTO
2026-04-04 09:28:04,1775294884,CRASH1000,5505.518,1,0.007999999999810825,BACKFILL_AUTO
2026-04-04 09:28:05,1775294885,CRASH1000,5505.52,1,0.0020000000004074536,BACKFILL_AUTO
2026-04-04 09:28:06,1775294886,CRASH1000,5505.529,1,0.009000000000014552,BACKFILL_AUTO
2026-04-04 09:28:07,1775294887,CRASH1000,5505.531,1,0.001999999999497959,BACKFILL_AUTO
2026-04-04 09:28:08,1775294888,CRASH1000,5505.546,1,0.015000000000327418,BACKFILL_AUTO
2026-04-04 09:28:09,1775294889,CRASH1000,5505.551,1,0.005000000000109139,BACKFILL_AUTO
2026-04-04 09:28:10,1775294890,CRASH1000,5505.558,1,0.006999999999607098,BACKFILL_AUTO
2026-04-04 09:28:11,1775294891,CRASH1000,5505.564,1,0.006000000000312866,BACKFILL_AUTO
2026-04-04 09:28:12,1775294892,CRASH1000,5505.575,1,0.01099999999951251,BACKFILL_AUTO
2026-04-04 09:28:13,1775294893,CRASH1000,5505.576,1,0.0010000000002037268,BACKFILL_AUTO
2026-04-04 09:28:14,1775294894,CRASH1000,5505.576,0,0.0,BACKFILL_AUTO
2026-04-04 09:28:15,1775294895,CRASH1000,5505.58,1,0.0039999999999054126,BACKFILL_AUTO
2026-04-04 09:28:16,1775294896,CRASH1000,5505.587,1,0.007000000000516593,BACKFILL_AUTO
2026-04-04 09:28:17,1775294897,CRASH1000,5505.59,1,0.0029999999997016857,BACKFILL_AUTO
2026-04-04 09:28:18,1775294898,CRASH1000,5505.59,0,0.0,BACKFILL_AUTO
2026-04-04 09:28:19,1775294899,CRASH1000,5505.601,1,0.01099999999951251,BACKFILL_AUTO
2026-04-04 09:28:20,1775294900,CRASH1000,5505.608,1,0.007000000000516593,BACKFILL_AUTO
2026-04-04 09:28:21,1775294901,CRASH1000,5505.617,1,0.009000000000014552,BACKFILL_AUTO
2026-04-04 09:28:22,1775294902,CRASH1000,5505.619,1,0.001999999999497959,BACKFILL_AUTO
2026-04-04 09:28:23,1775294903,CRASH1000,5505.622,1,0.0030000000006111804,BACKFILL_AUTO
2026-04-04 09:28:24,1775294904,CRASH1000,5505.624,1,0.001999999999497959,BACKFILL_AUTO
2026-04-04 09:28:25,1775294905,CRASH1000,5505.628,1,0.0039999999999054126,BACKFILL_AUTO
2026-04-04 09:28:26,1775294906,CRASH1000,5505.629,1,0.0010000000002037268,BACKFILL_AUTO
2026-04-04 09:28:27,1775294907,CRASH1000,5505.641,1,0.011999999999716238,BACKFILL_AUTO
2026-04-04 09:28:28,1775294908,CRASH1000,5505.645,1,0.004000000000814907,BACKFILL_AUTO
2026-04-04 09:28:29,1775294909,CRASH1000,5505.65,1,0.004999999999199645,BACKFILL_AUTO
2026-04-04 09:28:30,1775294910,CRASH1000,5505.654,1,0.004000000000814907,BACKFILL_AUTO
2026-04-04 09:28:31,1775294911,CRASH1000,5505.662,1,0.007999999999810825,BACKFILL_AUTO
2026-04-04 09:28:32,1775294912,CRASH1000,5505.663,1,0.0009999999992942321,BACKFILL_AUTO
2026-04-04 09:28:33,1775294913,CRASH1000,5505.668,1,0.005000000000109139,BACKFILL_AUTO
2026-04-04 09:28:34,1775294914,CRASH1000,5505.674,1,0.006000000000312866,BACKFILL_AUTO
2026-04-04 09:28:35,1775294915,CRASH1000,5505.675,1,0.0010000000002037268,BACKFILL_AUTO
2026-04-04 09:28:36,1775294916,CRASH1000,5505.682,1,0.006999999999607098,BACKFILL_AUTO
2026-04-04 09:28:37,1775294917,CRASH1000,5505.684,1,0.0020000000004074536,BACKFILL_AUTO
2026-04-04 09:28:38,1775294918,CRASH1000,5505.686,1,0.001999999999497959,BACKFILL_AUTO
2026-04-04 09:28:39,1775294919,CRASH1000,5505.688,1,0.0020000000004074536,BACKFILL_AUTO
2026-04-04 09:28:40,1775294920,CRASH1000,5505.699,1,0.01099999999951251,BACKFILL_AUTO
2026-04-04 09:28:41,1775294921,CRASH1000,5505.703,1,0.004000000000814907,BACKFILL_AUTO
2026-04-04 09:28:42,1775294922,CRASH1000,5505.714,1,0.01099999999951251,BACKFILL_AUTO
2026-04-04 09:28:43,1775294923,CRASH1000,5505.725,1,0.011000000000422006,BACKFILL_AUTO
2026-04-04 09:28:44,1775294924,CRASH1000,5505.729,1,0.0039999999999054126,BACKFILL_AUTO
2026-04-04 09:28:45,1775294925,CRASH1000,5505.736,1,0.006999999999607098,BACKFILL_AUTO
2026-04-04 09:28:46,1775294926,CRASH1000,5505.741,1,0.005000000000109139,BACKFILL_AUTO
2026-04-04 09:28:47,1775294927,CRASH1000,5505.755,1,0.014000000000123691,BACKFILL_AUTO
2026-04-04 09:28:48,1775294928,CRASH1000,5505.76,1,0.005000000000109139,BACKFILL_AUTO
2026-04-04 09:28:49,1775294929,CRASH1000,5505.765,1,0.005000000000109139,BACKFILL_AUTO
2026-04-04 09:28:50,1775294930,CRASH1000,5505.775,1,0.009999999999308784,BACKFILL_AUTO
2026-04-04 09:28:51,1775294931,CRASH1000,5505.776,1,0.0010000000002037268,BACKFILL_AUTO
2026-04-04 09:28:52,1775294932,CRASH1000,5505.781,1,0.005000000000109139,BACKFILL_AUTO
2026-04-04 09:28:53,1775294933,CRASH1000,5505.793,1,0.011999999999716238,BACKFILL_AUTO
2026-04-04 09:28:54,1775294934,CRASH1000,5505.807,1,0.014000000000123691,BACKFILL_AUTO
2026-04-04 09:28:55,1775294935,CRASH1000,5505.815,1,0.007999999999810825,BACKFILL_AUTO
2026-04-04 09:28:56,1775294936,CRASH1000,5505.815,0,0.0,BACKFILL_AUTO
2026-04-04 09:28:57,1775294937,CRASH1000,5505.82,1,0.005000000000109139,BACKFILL_AUTO
2026-04-04 09:28:58,1775294938,CRASH1000,5505.834,1,0.014000000000123691,BACKFILL_AUTO
2026-04-04 09:28:59,1775294939,CRASH1000,5505.84,1,0.006000000000312866,BACKFILL_AUTO
2026-04-04 09:29:00,1775294940,CRASH1000,5505.848,1,0.007999999999810825,BACKFILL_AUTO
2026-04-04 09:29:01,1775294941,CRASH1000,5505.85,1,0.0020000000004074536,BACKFILL_AUTO
2026-04-04 09:29:02,1775294942,CRASH1000,5505.852,1,0.001999999999497959,BACKFILL_AUTO
2026-04-04 09:29:03,1775294943,CRASH1000,5505.864,1,0.011999999999716238,BACKFILL_AUTO
2026-04-04 09:29:04,1775294944,CRASH1000,5505.865,1,0.0010000000002037268,BACKFILL_AUTO
2026-04-04 09:29:05,1775294945,CRASH1000,5505.872,1,0.007000000000516593,BACKFILL_AUTO
2026-04-04 09:29:06,1775294946,CRASH1000,5505.874,1,0.001999999999497959,BACKFILL_AUTO
2026-04-04 09:29:07,1775294947,CRASH1000,5505.875,1,0.0010000000002037268,BACKFILL_AUTO
2026-04-04 09:29:08,1775294948,CRASH1000,5505.875,0,0.0,BACKFILL_AUTO
2026-04-04 09:29:09,1775294949,CRASH1000,5505.882,1,0.006999999999607098,BACKFILL_AUTO
2026-04-04 09:29:10,1775294950,CRASH1000,5505.893,1,0.011000000000422006,BACKFILL_AUTO
2026-04-04 09:29:11,1775294951,CRASH1000,5505.897,1,0.0039999999999054126,BACKFILL_AUTO
2026-04-04 09:29:12,1775294952,CRASH1000,5505.904,1,0.007000000000516593,BACKFILL_AUTO
2026-04-04 09:29:13,1775294953,CRASH1000,5505.906,1,0.001999999999497959,BACKFILL_AUTO
2026-04-04 09:29:14,1775294954,CRASH1000,5505.907,1,0.0010000000002037268,BACKFILL_AUTO
2026-04-04 09:29:15,1775294955,CRASH1000,5505.911,1,0.0039999999999054126,BACKFILL_AUTO
2026-04-04 09:29:16,1775294956,CRASH1000,5505.918,1,0.006999999999607098,BACKFILL_AUTO
2026-04-04 09:29:17,1775294957,CRASH1000,5505.929,1,0.011000000000422006,BACKFILL_AUTO
2026-04-04 09:29:18,1775294958,CRASH1000,5505.934,1,0.005000000000109139,BACKFILL_AUTO
2026-04-04 09:29:19,1775294959,CRASH1000,5505.94,1,0.0059999999994033715,BACKFILL_AUTO
2026-04-04 09:29:20,1775294960,CRASH1000,5505.946,1,0.006000000000312866,BACKFILL_AUTO
2026-04-04 09:29:21,1775294961,CRASH1000,5505.952,1,0.006000000000312866,BACKFILL_AUTO
2026-04-04 09:29:22,1775294962,CRASH1000,5505.962,1,0.010000000000218279,BACKFILL_AUTO
2026-04-04 09:29:23,1775294963,CRASH1000,5505.967,1,0.004999999999199645,BACKFILL_AUTO
2026-04-04 09:29:24,1775294964,CRASH1000,5505.969,1,0.0020000000004074536,BACKFILL_AUTO
2026-04-04 09:29:25,1775294965,CRASH1000,5505.972,1,0.0029999999997016857,BACKFILL_AUTO
2026-04-04 09:29:26,1775294966,CRASH1000,5505.979,1,0.007000000000516593,BACKFILL_AUTO
2026-04-04 09:29:27,1775294967,CRASH1000,5505.982,1,0.0029999999997016857,BACKFILL_AUTO
2026-04-04 09:29:28,1775294968,CRASH1000,5505.988,1,0.006000000000312866,BACKFILL_AUTO
2026-04-04 09:29:29,1775294969,CRASH1000,5505.996,1,0.007999999999810825,BACKFILL_AUTO
2026-04-04 09:29:30,1775294970,CRASH1000,5506.001,1,0.005000000000109139,BACKFILL_AUTO
2026-04-04 09:29:31,1775294971,CRASH1000,5506.001,0,0.0,BACKFILL_AUTO
2026-04-04 09:29:32,1775294972,CRASH1000,5506.005,1,0.0039999999999054126,BACKFILL_AUTO
2026-04-04 09:29:33,1775294973,CRASH1000,5506.011,1,0.006000000000312866,BACKFILL_AUTO
2026-04-04 09:29:34,1775294974,CRASH1000,5506.019,1,0.007999999999810825,BACKFILL_AUTO
2026-04-04 09:29:35,1775294975,CRASH1000,5506.02,1,0.0010000000002037268,BACKFILL_AUTO
2026-04-04 09:29:36,1775294976,CRASH1000,5506.025,1,0.004999999999199645,BACKFILL_AUTO
2026-04-04 09:29:37,1775294977,CRASH1000,5506.028,1,0.0030000000006111804,BACKFILL_AUTO
2026-04-04 09:29:38,1775294978,CRASH1000,5506.03,1,0.001999999999497959,BACKFILL_AUTO
2026-04-04 09:29:39,1775294979,CRASH1000,5506.035,1,0.005000000000109139,BACKFILL_AUTO
2026-04-04 09:29:40,1775294980,CRASH1000,5506.038,1,0.0029999999997016857,BACKFILL_AUTO
2026-04-04 09:29:41,1775294981,CRASH1000,5506.038,0,0.0,BACKFILL_AUTO
2026-04-04 09:29:42,1775294982,CRASH1000,5506.043,1,0.005000000000109139,BACKFILL_AUTO
2026-04-04 09:29:43,1775294983,CRASH1000,5506.053,1,0.010000000000218279,BACKFILL_AUTO
2026-04-04 09:29:44,1775294984,CRASH1000,5506.054,1,0.0010000000002037268,BACKFILL_AUTO
2026-04-04 09:29:45,1775294985,CRASH1000,5506.062,1,0.007999999999810825,BACKFILL_AUTO
2026-04-04 09:29:46,1775294986,CRASH1000,5506.065,1,0.0029999999997016857,BACKFILL_AUTO
2026-04-04 09:29:47,1775294987,CRASH1000,5506.067,1,0.0020000000004074536,BACKFILL_AUTO
2026-04-04 09:29:48,1775294988,CRASH1000,5506.068,1,0.0010000000002037268,BACKFILL_AUTO
2026-04-04 09:29:49,1775294989,CRASH1000,5506.08,1,0.011999999999716238,BACKFILL_AUTO
2026-04-04 09:29:50,1775294990,CRASH1000,5506.089,1,0.009000000000014552,BACKFILL_AUTO
2026-04-04 09:29:51,1775294991,CRASH1000,5506.093,1,0.0039999999999054126,BACKFILL_AUTO
2026-04-04 09:29:52,1775294992,CRASH1000,5506.096,1,0.0029999999997016857,BACKFILL_AUTO
2026-04-04 09:29:53,1775294993,CRASH1000,5506.105,1,0.009000000000014552,BACKFILL_AUTO
2026-04-04 09:29:54,1775294994,CRASH1000,5506.112,1,0.007000000000516593,BACKFILL_AUTO
2026-04-04 09:29:55,1775294995,CRASH1000,5506.113,1,0.0010000000002037268,BACKFILL_AUTO
2026-04-04 09:29:56,1775294996,CRASH1000,5506.118,1,0.005000000000109139,BACKFILL_AUTO
2026-04-04 09:29:57,1775294997,CRASH1000,5506.123,1,0.004999999999199645,BACKFILL_AUTO
2026-04-04 09:29:58,1775294998,CRASH1000,5506.125,1,0.0020000000004074536,BACKFILL_AUTO
2026-04-04 09:29:59,1775294999,CRASH1000,5506.133,1,0.007999999999810825,BACKFILL_AUTO
2026-04-04 09:30:00,1775295000,CRASH1000,5506.141,1,0.007999999999810825,BACKFILL_AUTO
2026-04-04 09:30:01,1775295001,CRASH1000,5506.146,1,0.005000000000109139,BACKFILL_AUTO
2026-04-04 09:30:02,1775295002,CRASH1000,5506.151,1,0.005000000000109139,BACKFILL_AUTO
2026-04-04 09:30:03,1775295003,CRASH1000,5506.154,1,0.0030000000006111804,BACKFILL_AUTO
2026-04-04 09:30:04,1775295004,CRASH1000,5506.162,1,0.007999999999810825,BACKFILL_AUTO
2026-04-04 09:30:05,1775295005,CRASH1000,5506.165,1,0.0029999999997016857,BACKFILL_AUTO
2026-04-04 09:30:06,1775295006,CRASH1000,5506.171,1,0.006000000000312866,BACKFILL_AUTO
2026-04-04 09:30:07,1775295007,CRASH1000,5506.175,1,0.0039999999999054126,BACKFILL_AUTO
2026-04-04 09:30:08,1775295008,CRASH1000,5506.18,1,0.005000000000109139,BACKFILL_AUTO
2026-04-04 09:30:09,1775295009,CRASH1000,5506.194,1,0.014000000000123691,BACKFILL_AUTO
2026-04-04 09:30:10,1775295010,CRASH1000,5506.207,1,0.012999999999919964,BACKFILL_AUTO
2026-04-04 09:30:11,1775295011,CRASH1000,5506.216,1,0.009000000000014552,BACKFILL_AUTO
2026-04-04 09:30:12,1775295012,CRASH1000,5506.22,1,0.0039999999999054126,BACKFILL_AUTO
2026-04-04 09:30:13,1775295013,CRASH1000,5506.221,1,0.0009999999992942321,BACKFILL_AUTO
2026-04-04 09:30:14,1775295014,CRASH1000,5506.229,1,0.00800000000072032,BACKFILL_AUTO
2026-04-04 09:30:15,1775295015,CRASH1000,5506.235,1,0.0059999999994033715,BACKFILL_AUTO
2026-04-04 09:30:16,1775295016,CRASH1000,5506.239,1,0.0039999999999054126,BACKFILL_AUTO
2026-04-04 09:30:17,1775295017,CRASH1000,5506.247,1,0.00800000000072032,BACKFILL_AUTO
2026-04-04 09:30:18,1775295018,CRASH1000,5506.248,1,0.0009999999992942321,BACKFILL_AUTO
2026-04-04 09:30:19,1775295019,CRASH1000,5506.248,0,0.0,BACKFILL_AUTO
2026-04-04 09:30:20,1775295020,CRASH1000,5506.249,1,0.0010000000002037268,BACKFILL_AUTO
2026-04-04 09:30:21,1775295021,CRASH1000,5506.262,1,0.012999999999919964,BACKFILL_AUTO
2026-04-04 09:30:22,1775295022,CRASH1000,5506.267,1,0.005000000000109139,BACKFILL_AUTO
2026-04-04 09:30:23,1775295023,CRASH1000,5506.272,1,0.005000000000109139,BACKFILL_AUTO
2026-04-04 09:30:24,1775295024,CRASH1000,5506.274,1,0.0020000000004074536,BACKFILL_AUTO
2026-04-04 09:30:25,1775295025,CRASH1000,5506.283,1,0.009000000000014552,BACKFILL_AUTO
2026-04-04 09:30:26,1775295026,CRASH1000,5506.285,1,0.001999999999497959,BACKFILL_AUTO
2026-04-04 09:30:27,1775295027,CRASH1000,5506.287,1,0.0020000000004074536,BACKFILL_AUTO
2026-04-04 09:30:28,1775295028,CRASH1000,5506.296,1,0.009000000000014552,BACKFILL_AUTO
2026-04-04 09:30:29,1775295029,CRASH1000,5506.297,1,0.0009999999992942321,BACKFILL_AUTO
2026-04-04 09:30:30,1775295030,CRASH1000,5506.3,1,0.0030000000006111804,BACKFILL_AUTO
2026-04-04 09:30:31,1775295031,CRASH1000,5506.301,1,0.0010000000002037268,BACKFILL_AUTO
2026-04-04 09:30:32,1775295032,CRASH1000,5506.305,1,0.0039999999999054126,BACKFILL_AUTO
2026-04-04 09:30:33,1775295033,CRASH1000,5506.309,1,0.0039999999999054126,BACKFILL_AUTO
2026-04-04 09:30:34,1775295034,CRASH1000,5506.325,1,0.01599999999962165,BACKFILL_AUTO
2026-04-04 09:30:35,1775295035,CRASH1000,5506.332,1,0.007000000000516593,BACKFILL_AUTO
2026-04-04 09:30:36,1775295036,CRASH1000,5506.335,1,0.0029999999997016857,BACKFILL_AUTO
2026-04-04 09:30:37,1775295037,CRASH1000,5506.34,1,0.005000000000109139,BACKFILL_AUTO
2026-04-04 09:30:38,1775295038,CRASH1000,5506.347,1,0.006999999999607098,BACKFILL_AUTO
2026-04-04 09:30:39,1775295039,CRASH1000,5506.348,1,0.0010000000002037268,BACKFILL_AUTO
2026-04-04 09:30:40,1775295040,CRASH1000,5506.357,1,0.009000000000014552,BACKFILL_AUTO
2026-04-04 09:30:41,1775295041,CRASH1000,5506.368,1,0.011000000000422006,BACKFILL_AUTO
2026-04-04 09:30:42,1775295042,CRASH1000,5506.369,1,0.0009999999992942321,BACKFILL_AUTO
2026-04-04 09:30:43,1775295043,CRASH1000,5506.371,1,0.0020000000004074536,BACKFILL_AUTO
2026-04-04 09:30:44,1775295044,CRASH1000,5506.377,1,0.006000000000312866,BACKFILL_AUTO
2026-04-04 09:30:45,1775295045,CRASH1000,5506.383,1,0.0059999999994033715,BACKFILL_AUTO
2026-04-04 09:30:46,1775295046,CRASH1000,5506.384,1,0.0010000000002037268,BACKFILL_AUTO
2026-04-04 09:30:47,1775295047,CRASH1000,5506.386,1,0.0020000000004074536,BACKFILL_AUTO
2026-04-04 09:30:48,1775295048,CRASH1000,5506.387,1,0.0009999999992942321,BACKFILL_AUTO
2026-04-04 09:30:49,1775295049,CRASH1000,5506.392,1,0.005000000000109139,BACKFILL_AUTO
2026-04-04 09:30:50,1775295050,CRASH1000,5506.398,1,0.006000000000312866,BACKFILL_AUTO
2026-04-04 09:30:51,1775295051,CRASH1000,5506.402,1,0.0039999999999054126,BACKFILL_AUTO
2026-04-04 09:30:52,1775295052,CRASH1000,5506.406,1,0.0039999999999054126,BACKFILL_AUTO
2026-04-04 09:30:53,1775295053,CRASH1000,5506.415,1,0.009000000000014552,BACKFILL_AUTO
2026-04-04 09:30:54,1775295054,CRASH1000,5506.419,1,0.0039999999999054126,BACKFILL_AUTO
2026-04-04 09:30:55,1775295055,CRASH1000,5506.428,1,0.009000000000014552,BACKFILL_AUTO
2026-04-04 09:30:56,1775295056,CRASH1000,5506.436,1,0.007999999999810825,BACKFILL_AUTO
2026-04-04 09:30:57,1775295057,CRASH1000,5506.442,1,0.006000000000312866,BACKFILL_AUTO
2026-04-04 09:30:58,1775295058,CRASH1000,5506.444,1,0.0020000000004074536,BACKFILL_AUTO
2026-04-04 09:30:59,1775295059,CRASH1000,5506.447,1,0.0029999999997016857,BACKFILL_AUTO
2026-04-04 09:31:00,1775295060,CRASH1000,5506.46,1,0.012999999999919964,BACKFILL_AUTO
2026-04-04 09:31:01,1775295061,CRASH1000,5506.47,1,0.010000000000218279,BACKFILL_AUTO
2026-04-04 09:31:02,1775295062,CRASH1000,5506.479,1,0.009000000000014552,BACKFILL_AUTO
2026-04-04 09:31:03,1775295063,CRASH1000,5506.493,1,0.014000000000123691,BACKFILL_AUTO
2026-04-04 09:31:04,1775295064,CRASH1000,5506.498,1,0.004999999999199645,BACKFILL_AUTO
2026-04-04 09:31:05,1775295065,CRASH1000,5506.505,1,0.007000000000516593,BACKFILL_AUTO
2026-04-04 09:31:06,1775295066,CRASH1000,5506.51,1,0.005000000000109139,BACKFILL_AUTO
2026-04-04 09:31:07,1775295067,CRASH1000,5506.512,1,0.001999999999497959,BACKFILL_AUTO
2026-04-04 09:31:08,1775295068,CRASH1000,5506.519,1,0.007000000000516593,BACKFILL_AUTO
2026-04-04 09:31:09,1775295069,CRASH1000,5506.521,1,0.001999999999497959,BACKFILL_AUTO
2026-04-04 09:31:10,1775295070,CRASH1000,5506.527,1,0.006000000000312866,BACKFILL_AUTO
2026-04-04 09:31:11,1775295071,CRASH1000,5506.538,1,0.01099999999951251,BACKFILL_AUTO
2026-04-04 09:31:12,1775295072,CRASH1000,5506.544,1,0.006000000000312866,BACKFILL_AUTO
2026-04-04 09:31:13,1775295073,CRASH1000,5506.55,1,0.006000000000312866,BACKFILL_AUTO
2026-04-04 09:31:14,1775295074,CRASH1000,5506.559,1,0.009000000000014552,BACKFILL_AUTO
2026-04-04 09:31:15,1775295075,CRASH1000,5506.574,1,0.014999999999417923,BACKFILL_AUTO
2026-04-04 09:31:16,1775295076,CRASH1000,5506.579,1,0.005000000000109139,BACKFILL_AUTO
2026-04-04 09:31:17,1775295077,CRASH1000,5506.583,1,0.0039999999999054126,BACKFILL_AUTO
2026-04-04 09:31:18,1775295078,CRASH1000,5506.584,1,0.0010000000002037268,BACKFILL_AUTO
2026-04-04 09:31:19,1775295079,CRASH1000,5506.593,1,0.009000000000014552,BACKFILL_AUTO
2026-04-04 09:31:20,1775295080,CRASH1000,5506.597,1,0.0039999999999054126,BACKFILL_AUTO
2026-04-04 09:31:21,1775295081,CRASH1000,5506.608,1,0.011000000000422006,BACKFILL_AUTO
2026-04-04 09:31:22,1775295082,CRASH1000,5506.618,1,0.010000000000218279,BACKFILL_AUTO
2026-04-04 09:31:23,1775295083,CRASH1000,5506.626,1,0.007999999999810825,BACKFILL_AUTO
2026-04-04 09:31:24,1775295084,CRASH1000,5506.633,1,0.006999999999607098,BACKFILL_AUTO
2026-04-04 09:31:25,1775295085,CRASH1000,5506.634,1,0.0010000000002037268,BACKFILL_AUTO
2026-04-04 09:31:26,1775295086,CRASH1000,5506.639,1,0.005000000000109139,BACKFILL_AUTO
2026-04-04 09:31:27,1775295087,CRASH1000,5506.643,1,0.0039999999999054126,BACKFILL_AUTO
2026-04-04 09:31:28,1775295088,CRASH1000,5506.648,1,0.005000000000109139,BACKFILL_AUTO
2026-04-04 09:31:29,1775295089,CRASH1000,5506.651,1,0.0029999999997016857,BACKFILL_AUTO
2026-04-04 09:31:30,1775295090,CRASH1000,5506.659,1,0.007999999999810825,BACKFILL_AUTO
2026-04-04 09:31:31,1775295091,CRASH1000,5506.668,1,0.009000000000014552,BACKFILL_AUTO
2026-04-04 09:31:32,1775295092,CRASH1000,5506.671,1,0.0030000000006111804,BACKFILL_AUTO
2026-04-04 09:31:33,1775295093,CRASH1000,5506.676,1,0.005000000000109139,BACKFILL_AUTO
2026-04-04 09:31:34,1775295094,CRASH1000,5506.679,1,0.0029999999997016857,BACKFILL_AUTO
2026-04-04 09:31:35,1775295095,CRASH1000,5506.683,1,0.0039999999999054126,BACKFILL_AUTO
2026-04-04 09:31:36,1775295096,CRASH1000,5506.686,1,0.0029999999997016857,BACKFILL_AUTO
2026-04-04 09:31:37,1775295097,CRASH1000,5506.687,1,0.0010000000002037268,BACKFILL_AUTO
2026-04-04 09:31:38,1775295098,CRASH1000,5506.692,1,0.005000000000109139,BACKFILL_AUTO
2026-04-04 09:31:39,1775295099,CRASH1000,5506.698,1,0.006000000000312866,BACKFILL_AUTO
2026-04-04 09:31:40,1775295100,CRASH1000,5506.699,1,0.0009999999992942321,BACKFILL_AUTO
2026-04-04 09:31:41,1775295101,CRASH1000,5506.7,1,0.0010000000002037268,BACKFILL_AUTO
2026-04-04 09:31:42,1775295102,CRASH1000,5506.713,1,0.012999999999919964,BACKFILL_AUTO
2026-04-04 09:31:43,1775295103,CRASH1000,5506.718,1,0.005000000000109139,BACKFILL_AUTO
2026-04-04 09:31:44,1775295104,CRASH1000,5506.72,1,0.0020000000004074536,BACKFILL_AUTO
2026-04-04 09:31:45,1775295105,CRASH1000,5506.727,1,0.006999999999607098,BACKFILL_AUTO
2026-04-04 09:31:46,1775295106,CRASH1000,5506.739,1,0.011999999999716238,BACKFILL_AUTO
2026-04-04 09:31:47,1775295107,CRASH1000,5506.744,1,0.005000000000109139,BACKFILL_AUTO
2026-04-04 09:31:48,1775295108,CRASH1000,5506.753,1,0.009000000000014552,BACKFILL_AUTO
2026-04-04 09:31:49,1775295109,CRASH1000,5506.762,1,0.009000000000014552,BACKFILL_AUTO
2026-04-04 09:31:50,1775295110,CRASH1000,5506.763,1,0.0010000000002037268,BACKFILL_AUTO
2026-04-04 09:31:51,1775295111,CRASH1000,5506.772,1,0.009000000000014552,BACKFILL_AUTO
2026-04-04 09:31:52,1775295112,CRASH1000,5499.599,-1,7.1729999999997744,BACKFILL_AUTO
2026-04-04 09:31:53,1775295113,CRASH1000,5499.606,1,0.006999999999607098,BACKFILL_AUTO
2026-04-04 09:31:54,1775295114,CRASH1000,5499.61,1,0.0039999999999054126,BACKFILL_AUTO
2026-04-04 09:31:55,1775295115,CRASH1000,5499.616,1,0.006000000000312866,BACKFILL_AUTO
2026-04-04 09:31:56,1775295116,CRASH1000,5499.625,1,0.009000000000014552,BACKFILL_AUTO
2026-04-04 09:31:57,1775295117,CRASH1000,5499.632,1,0.006999999999607098,BACKFILL_AUTO
2026-04-04 09:31:58,1775295118,CRASH1000,5499.641,1,0.009000000000014552,BACKFILL_AUTO
2026-04-04 09:31:59,1775295119,CRASH1000,5499.645,1,0.004000000000814907,BACKFILL_AUTO
2026-04-04 09:32:00,1775295120,CRASH1000,5499.647,1,0.001999999999497959,BACKFILL_AUTO
2026-04-04 09:32:01,1775295121,CRASH1000,5499.65,1,0.0029999999997016857,BACKFILL_AUTO
2026-04-04 09:32:02,1775295122,CRASH1000,5499.653,1,0.0030000000006111804,BACKFILL_AUTO
2026-04-04 09:32:03,1775295123,CRASH1000,5499.653,0,0.0,BACKFILL_AUTO
2026-04-04 09:32:04,1775295124,CRASH1000,5499.657,1,0.0039999999999054126,BACKFILL_AUTO
2026-04-04 09:32:05,1775295125,CRASH1000,5499.661,1,0.0039999999999054126,BACKFILL_AUTO
2026-04-04 09:32:06,1775295126,CRASH1000,5499.663,1,0.001999999999497959,BACKFILL_AUTO
2026-04-04 09:32:07,1775295127,CRASH1000,5499.667,1,0.004000000000814907,BACKFILL_AUTO
2026-04-04 09:32:08,1775295128,CRASH1000,5499.672,1,0.004999999999199645,BACKFILL_AUTO
2026-04-04 09:32:09,1775295129,CRASH1000,5499.674,1,0.0020000000004074536,BACKFILL_AUTO
2026-04-04 09:32:10,1775295130,CRASH1000,5499.686,1,0.011999999999716238,BACKFILL_AUTO
2026-04-04 09:32:11,1775295131,CRASH1000,5499.686,0,0.0,BACKFILL_AUTO
2026-04-04 09:32:12,1775295132,CRASH1000,5499.688,1,0.0020000000004074536,BACKFILL_AUTO
2026-04-04 09:32:13,1775295133,CRASH1000,5499.691,1,0.0029999999997016857,BACKFILL_AUTO
2026-04-04 09:32:14,1775295134,CRASH1000,5499.703,1,0.012000000000625732,BACKFILL_AUTO
2026-04-04 09:32:15,1775295135,CRASH1000,5499.717,1,0.013999999999214197,BACKFILL_AUTO
2026-04-04 09:32:16,1775295136,CRASH1000,5499.728,1,0.011000000000422006,BACKFILL_AUTO
2026-04-04 09:32:17,1775295137,CRASH1000,5499.739,1,0.01099999999951251,BACKFILL_AUTO
2026-04-04 09:32:18,1775295138,CRASH1000,5499.741,1,0.0020000000004074536,BACKFILL_AUTO
2026-04-04 09:32:19,1775295139,CRASH1000,5499.75,1,0.009000000000014552,BACKFILL_AUTO
2026-04-04 09:32:20,1775295140,CRASH1000,5499.756,1,0.006000000000312866,BACKFILL_AUTO
2026-04-04 09:32:21,1775295141,CRASH1000,5499.761,1,0.005000000000109139,BACKFILL_AUTO
2026-04-04 09:32:22,1775295142,CRASH1000,5499.77,1,0.009000000000014552,BACKFILL_AUTO
2026-04-04 09:32:23,1775295143,CRASH1000,5499.782,1,0.011999999999716238,BACKFILL_AUTO
2026-04-04 09:32:24,1775295144,CRASH1000,5499.798,1,0.01599999999962165,BACKFILL_AUTO
2026-04-04 09:32:25,1775295145,CRASH1000,5499.8,1,0.0020000000004074536,BACKFILL_AUTO
2026-04-04 09:32:26,1775295146,CRASH1000,5499.804,1,0.0039999999999054126,BACKFILL_AUTO
2026-04-04 09:32:27,1775295147,CRASH1000,5499.81,1,0.006000000000312866,BACKFILL_AUTO
2026-04-04 09:32:28,1775295148,CRASH1000,5499.813,1,0.0029999999997016857,BACKFILL_AUTO
2026-04-04 09:32:29,1775295149,CRASH1000,5499.822,1,0.009000000000014552,BACKFILL_AUTO
2026-04-04 09:32:30,1775295150,CRASH1000,5499.832,1,0.010000000000218279,BACKFILL_AUTO
2026-04-04 09:32:31,1775295151,CRASH1000,5499.834,1,0.001999999999497959,BACKFILL_AUTO
2026-04-04 09:32:32,1775295152,CRASH1000,5499.838,1,0.0039999999999054126,BACKFILL_AUTO
2026-04-04 09:32:33,1775295153,CRASH1000,5499.839,1,0.0010000000002037268,BACKFILL_AUTO
2026-04-04 09:32:34,1775295154,CRASH1000,5499.853,1,0.014000000000123691,BACKFILL_AUTO
2026-04-04 09:32:35,1775295155,CRASH1000,5499.855,1,0.001999999999497959,BACKFILL_AUTO
2026-04-04 09:32:36,1775295156,CRASH1000,5499.871,1,0.016000000000531145,BACKFILL_AUTO
2026-04-04 09:32:37,1775295157,CRASH1000,5499.872,1,0.0010000000002037268,BACKFILL_AUTO
2026-04-04 09:32:38,1775295158,CRASH1000,5499.883,1,0.01099999999951251,BACKFILL_AUTO
2026-04-04 09:32:39,1775295159,CRASH1000,5499.884,1,0.0010000000002037268,BACKFILL_AUTO
2026-04-04 09:32:40,1775295160,CRASH1000,5499.885,1,0.0010000000002037268,BACKFILL_AUTO
2026-04-04 09:32:41,1775295161,CRASH1000,5499.886,1,0.0010000000002037268,BACKFILL_AUTO
2026-04-04 09:32:42,1775295162,CRASH1000,5499.892,1,0.0059999999994033715,BACKFILL_AUTO
2026-04-04 09:32:43,1775295163,CRASH1000,5499.896,1,0.0039999999999054126,BACKFILL_AUTO
2026-04-04 09:32:44,1775295164,CRASH1000,5499.902,1,0.006000000000312866,BACKFILL_AUTO
2026-04-04 09:32:45,1775295165,CRASH1000,5499.911,1,0.009000000000014552,BACKFILL_AUTO
2026-04-04 09:32:46,1775295166,CRASH1000,5499.914,1,0.0029999999997016857,BACKFILL_AUTO
2026-04-04 09:32:47,1775295167,CRASH1000,5499.923,1,0.009000000000014552,BACKFILL_AUTO
2026-04-04 09:32:48,1775295168,CRASH1000,5499.93,1,0.007000000000516593,BACKFILL_AUTO
2026-04-04 09:32:49,1775295169,CRASH1000,5499.934,1,0.0039999999999054126,BACKFILL_AUTO
2026-04-04 09:32:50,1775295170,CRASH1000,5499.942,1,0.007999999999810825,BACKFILL_AUTO
2026-04-04 09:32:51,1775295171,CRASH1000,5499.949,1,0.006999999999607098,BACKFILL_AUTO
2026-04-04 09:32:52,1775295172,CRASH1000,5499.96,1,0.011000000000422006,BACKFILL_AUTO
2026-04-04 09:32:53,1775295173,CRASH1000,5499.968,1,0.007999999999810825,BACKFILL_AUTO
2026-04-04 09:32:54,1775295174,CRASH1000,5499.97,1,0.0020000000004074536,BACKFILL_AUTO
2026-04-04 09:32:55,1775295175,CRASH1000,5499.975,1,0.005000000000109139,BACKFILL_AUTO
2026-04-04 09:32:56,1775295176,CRASH1000,5499.986,1,0.01099999999951251,BACKFILL_AUTO
2026-04-04 09:32:57,1775295177,CRASH1000,5499.989,1,0.0029999999997016857,BACKFILL_AUTO
2026-04-04 09:32:58,1775295178,CRASH1000,5500.005,1,0.016000000000531145,BACKFILL_AUTO
2026-04-04 09:32:59,1775295179,CRASH1000,5500.005,0,0.0,BACKFILL_AUTO
2026-04-04 09:33:00,1775295180,CRASH1000,5500.008,1,0.0029999999997016857,BACKFILL_AUTO
2026-04-04 09:33:01,1775295181,CRASH1000,5500.009,1,0.0010000000002037268,BACKFILL_AUTO
2026-04-04 09:33:02,1775295182,CRASH1000,5500.017,1,0.007999999999810825,BACKFILL_AUTO
2026-04-04 09:33:03,1775295183,CRASH1000,5500.018,1,0.0010000000002037268,BACKFILL_AUTO
2026-04-04 09:33:04,1775295184,CRASH1000,5500.019,1,0.0010000000002037268,BACKFILL_AUTO
2026-04-04 09:33:05,1775295185,CRASH1000,5500.029,1,0.010000000000218279,BACKFILL_AUTO
2026-04-04 09:33:06,1775295186,CRASH1000,5500.039,1,0.009999999999308784,BACKFILL_AUTO
2026-04-04 09:33:07,1775295187,CRASH1000,5500.05,1,0.011000000000422006,BACKFILL_AUTO
2026-04-04 09:33:08,1775295188,CRASH1000,5500.058,1,0.007999999999810825,BACKFILL_AUTO
2026-04-04 09:33:09,1775295189,CRASH1000,5500.059,1,0.0010000000002037268,BACKFILL_AUTO
2026-04-04 09:33:10,1775295190,CRASH1000,5500.06,1,0.0010000000002037268,BACKFILL_AUTO
2026-04-04 09:33:11,1775295191,CRASH1000,5500.062,1,0.001999999999497959,BACKFILL_AUTO
2026-04-04 09:33:12,1775295192,CRASH1000,5500.062,0,0.0,BACKFILL_AUTO
2026-04-04 09:33:13,1775295193,CRASH1000,5500.077,1,0.015000000000327418,BACKFILL_AUTO
2026-04-04 09:33:14,1775295194,CRASH1000,5500.09,1,0.012999999999919964,BACKFILL_AUTO
2026-04-04 09:33:15,1775295195,CRASH1000,5500.092,1,0.001999999999497959,BACKFILL_AUTO
2026-04-04 09:33:16,1775295196,CRASH1000,5500.097,1,0.005000000000109139,BACKFILL_AUTO
2026-04-04 09:33:17,1775295197,CRASH1000,5500.109,1,0.012000000000625732,BACKFILL_AUTO
2026-04-04 09:33:18,1775295198,CRASH1000,5500.116,1,0.006999999999607098,BACKFILL_AUTO
2026-04-04 09:33:19,1775295199,CRASH1000,5500.124,1,0.007999999999810825,BACKFILL_AUTO
2026-04-04 09:33:20,1775295200,CRASH1000,5500.126,1,0.0020000000004074536,BACKFILL_AUTO
2026-04-04 09:33:21,1775295201,CRASH1000,5500.132,1,0.0059999999994033715,BACKFILL_AUTO
2026-04-04 09:33:22,1775295202,CRASH1000,5500.133,1,0.0010000000002037268,BACKFILL_AUTO
2026-04-04 09:33:23,1775295203,CRASH1000,5500.136,1,0.0030000000006111804,BACKFILL_AUTO
2026-04-04 09:33:24,1775295204,CRASH1000,5500.142,1,0.0059999999994033715,BACKFILL_AUTO
2026-04-04 09:33:25,1775295205,CRASH1000,5500.142,0,0.0,BACKFILL_AUTO
2026-04-04 09:33:26,1775295206,CRASH1000,5500.148,1,0.006000000000312866,BACKFILL_AUTO
2026-04-04 09:33:27,1775295207,CRASH1000,5500.148,0,0.0,BACKFILL_AUTO
2026-04-04 09:33:28,1775295208,CRASH1000,5500.158,1,0.010000000000218279,BACKFILL_AUTO
2026-04-04 09:33:29,1775295209,CRASH1000,5500.162,1,0.0039999999999054126,BACKFILL_AUTO
2026-04-04 09:33:30,1775295210,CRASH1000,5500.164,1,0.001999999999497959,BACKFILL_AUTO
2026-04-04 09:33:31,1775295211,CRASH1000,5500.164,0,0.0,BACKFILL_AUTO
2026-04-04 09:33:32,1775295212,CRASH1000,5500.174,1,0.010000000000218279,BACKFILL_AUTO
2026-04-04 09:33:33,1775295213,CRASH1000,5500.176,1,0.0020000000004074536,BACKFILL_AUTO
2026-04-04 09:33:34,1775295214,CRASH1000,5500.181,1,0.004999999999199645,BACKFILL_AUTO
2026-04-04 09:33:35,1775295215,CRASH1000,5500.187,1,0.006000000000312866,BACKFILL_AUTO
2026-04-04 09:33:36,1775295216,CRASH1000,5500.188,1,0.0010000000002037268,BACKFILL_AUTO
2026-04-04 09:33:37,1775295217,CRASH1000,5500.193,1,0.005000000000109139,BACKFILL_AUTO
2026-04-04 09:33:38,1775295218,CRASH1000,5500.199,1,0.0059999999994033715,BACKFILL_AUTO
2026-04-04 09:33:39,1775295219,CRASH1000,5500.202,1,0.0030000000006111804,BACKFILL_AUTO
2026-04-04 09:33:40,1775295220,CRASH1000,5500.209,1,0.006999999999607098,BACKFILL_AUTO
2026-04-04 09:33:41,1775295221,CRASH1000,5500.226,1,0.016999999999825377,BACKFILL_AUTO
2026-04-04 09:33:42,1775295222,CRASH1000,5500.236,1,0.010000000000218279,BACKFILL_AUTO
2026-04-04 09:33:43,1775295223,CRASH1000,5500.239,1,0.0029999999997016857,BACKFILL_AUTO
2026-04-04 09:33:44,1775295224,CRASH1000,5500.244,1,0.005000000000109139,BACKFILL_AUTO
2026-04-04 09:33:45,1775295225,CRASH1000,5500.249,1,0.005000000000109139,BACKFILL_AUTO
2026-04-04 09:33:46,1775295226,CRASH1000,5500.257,1,0.007999999999810825,BACKFILL_AUTO
2026-04-04 09:33:47,1775295227,CRASH1000,5500.26,1,0.0030000000006111804,BACKFILL_AUTO
2026-04-04 09:33:48,1775295228,CRASH1000,5500.267,1,0.006999999999607098,BACKFILL_AUTO
2026-04-04 09:33:49,1775295229,CRASH1000,5500.27,1,0.0030000000006111804,BACKFILL_AUTO
2026-04-04 09:33:50,1775295230,CRASH1000,5500.278,1,0.007999999999810825,BACKFILL_AUTO
2026-04-04 09:33:51,1775295231,CRASH1000,5500.28,1,0.001999999999497959,BACKFILL_AUTO
2026-04-04 09:33:52,1775295232,CRASH1000,5500.29,1,0.010000000000218279,BACKFILL_AUTO
2026-04-04 09:33:53,1775295233,CRASH1000,5500.298,1,0.007999999999810825,BACKFILL_AUTO
2026-04-04 09:33:54,1775295234,CRASH1000,5500.305,1,0.007000000000516593,BACKFILL_AUTO
2026-04-04 09:33:55,1775295235,CRASH1000,5500.311,1,0.0059999999994033715,BACKFILL_AUTO
2026-04-04 09:33:56,1775295236,CRASH1000,5500.326,1,0.015000000000327418,BACKFILL_AUTO
2026-04-04 09:33:57,1775295237,CRASH1000,5500.331,1,0.005000000000109139,BACKFILL_AUTO
2026-04-04 09:33:58,1775295238,CRASH1000,5500.331,0,0.0,BACKFILL_AUTO
2026-04-04 09:33:59,1775295239,CRASH1000,5500.332,1,0.0010000000002037268,BACKFILL_AUTO
2026-04-04 09:34:00,1775295240,CRASH1000,5500.334,1,0.001999999999497959,BACKFILL_AUTO
2026-04-04 09:34:01,1775295241,CRASH1000,5500.341,1,0.007000000000516593,BACKFILL_AUTO
2026-04-04 09:34:02,1775295242,CRASH1000,5500.345,1,0.0039999999999054126,BACKFILL_AUTO
2026-04-04 09:34:03,1775295243,CRASH1000,5500.353,1,0.007999999999810825,BACKFILL_AUTO
2026-04-04 09:34:04,1775295244,CRASH1000,5500.355,1,0.001999999999497959,BACKFILL_AUTO
2026-04-04 09:34:05,1775295245,CRASH1000,5500.361,1,0.006000000000312866,BACKFILL_AUTO
2026-04-04 09:34:06,1775295246,CRASH1000,5500.366,1,0.005000000000109139,BACKFILL_AUTO
2026-04-04 09:34:07,1775295247,CRASH1000,5500.371,1,0.005000000000109139,BACKFILL_AUTO
2026-04-04 09:34:08,1775295248,CRASH1000,5500.379,1,0.007999999999810825,BACKFILL_AUTO
2026-04-04 09:34:09,1775295249,CRASH1000,5500.383,1,0.0039999999999054126,BACKFILL_AUTO
2026-04-04 09:34:10,1775295250,CRASH1000,5500.387,1,0.0039999999999054126,BACKFILL_AUTO
2026-04-04 09:34:11,1775295251,CRASH1000,5500.389,1,0.0020000000004074536,BACKFILL_AUTO
2026-04-04 09:34:12,1775295252,CRASH1000,5500.392,1,0.0029999999997016857,BACKFILL_AUTO
2026-04-04 09:34:13,1775295253,CRASH1000,5500.397,1,0.005000000000109139,BACKFILL_AUTO
2026-04-04 09:34:14,1775295254,CRASH1000,5500.398,1,0.0010000000002037268,BACKFILL_AUTO
2026-04-04 09:34:15,1775295255,CRASH1000,5500.406,1,0.007999999999810825,BACKFILL_AUTO
2026-04-04 09:34:16,1775295256,CRASH1000,5500.41,1,0.0039999999999054126,BACKFILL_AUTO
2026-04-04 09:34:17,1775295257,CRASH1000,5500.418,1,0.007999999999810825,BACKFILL_AUTO
2026-04-04 09:34:18,1775295258,CRASH1000,5500.419,1,0.0010000000002037268,BACKFILL_AUTO
2026-04-04 09:34:19,1775295259,CRASH1000,5500.422,1,0.0029999999997016857,BACKFILL_AUTO
2026-04-04 09:34:20,1775295260,CRASH1000,5500.423,1,0.0010000000002037268,BACKFILL_AUTO
2026-04-04 09:34:21,1775295261,CRASH1000,5500.424,1,0.0010000000002037268,BACKFILL_AUTO
2026-04-04 09:34:22,1775295262,CRASH1000,5500.429,1,0.005000000000109139,BACKFILL_AUTO
2026-04-04 09:34:23,1775295263,CRASH1000,5500.437,1,0.007999999999810825,BACKFILL_AUTO
2026-04-04 09:34:24,1775295264,CRASH1000,5500.443,1,0.006000000000312866,BACKFILL_AUTO
2026-04-04 09:34:25,1775295265,CRASH1000,5500.447,1,0.0039999999999054126,BACKFILL_AUTO
2026-04-04 09:34:26,1775295266,CRASH1000,5500.447,0,0.0,BACKFILL_AUTO
2026-04-04 09:34:27,1775295267,CRASH1000,5500.455,1,0.007999999999810825,BACKFILL_AUTO
2026-04-04 09:34:28,1775295268,CRASH1000,5500.464,1,0.009000000000014552,BACKFILL_AUTO
2026-04-04 09:34:29,1775295269,CRASH1000,5500.471,1,0.006999999999607098,BACKFILL_AUTO
2026-04-04 09:34:30,1775295270,CRASH1000,5500.473,1,0.0020000000004074536,BACKFILL_AUTO
2026-04-04 09:34:31,1775295271,CRASH1000,5500.477,1,0.0039999999999054126,BACKFILL_AUTO
2026-04-04 09:34:32,1775295272,CRASH1000,5500.478,1,0.0010000000002037268,BACKFILL_AUTO
2026-04-04 09:34:33,1775295273,CRASH1000,5500.488,1,0.010000000000218279,BACKFILL_AUTO
2026-04-04 09:34:34,1775295274,CRASH1000,5500.491,1,0.0029999999997016857,BACKFILL_AUTO
2026-04-04 09:34:35,1775295275,CRASH1000,5500.497,1,0.006000000000312866,BACKFILL_AUTO
2026-04-04 09:34:36,1775295276,CRASH1000,5500.501,1,0.0039999999999054126,BACKFILL_AUTO
2026-04-04 09:34:37,1775295277,CRASH1000,5500.503,1,0.001999999999497959,BACKFILL_AUTO
2026-04-04 09:34:38,1775295278,CRASH1000,5500.506,1,0.0030000000006111804,BACKFILL_AUTO
2026-04-04 09:34:39,1775295279,CRASH1000,5500.516,1,0.009999999999308784,BACKFILL_AUTO
2026-04-04 09:34:40,1775295280,CRASH1000,5500.522,1,0.006000000000312866,BACKFILL_AUTO
2026-04-04 09:34:41,1775295281,CRASH1000,5500.531,1,0.009000000000014552,BACKFILL_AUTO
2026-04-04 09:34:42,1775295282,CRASH1000,5500.532,1,0.0010000000002037268,BACKFILL_AUTO
2026-04-04 09:34:43,1775295283,CRASH1000,5500.538,1,0.0059999999994033715,BACKFILL_AUTO
2026-04-04 09:34:44,1775295284,CRASH1000,5500.543,1,0.005000000000109139,BACKFILL_AUTO
2026-04-04 09:34:45,1775295285,CRASH1000,5500.549,1,0.006000000000312866,BACKFILL_AUTO
2026-04-04 09:34:46,1775295286,CRASH1000,5500.55,1,0.0010000000002037268,BACKFILL_AUTO
2026-04-04 09:34:47,1775295287,CRASH1000,5500.55,0,0.0,BACKFILL_AUTO
2026-04-04 09:34:48,1775295288,CRASH1000,5500.552,1,0.001999999999497959,BACKFILL_AUTO
2026-04-04 09:34:49,1775295289,CRASH1000,5500.563,1,0.011000000000422006,BACKFILL_AUTO
2026-04-04 09:34:50,1775295290,CRASH1000,5500.578,1,0.015000000000327418,BACKFILL_AUTO
2026-04-04 09:34:51,1775295291,CRASH1000,5500.583,1,0.004999999999199645,BACKFILL_AUTO
2026-04-04 09:34:52,1775295292,CRASH1000,5500.586,1,0.0030000000006111804,BACKFILL_AUTO
2026-04-04 09:34:53,1775295293,CRASH1000,5500.589,1,0.0029999999997016857,BACKFILL_AUTO
2026-04-04 09:34:54,1775295294,CRASH1000,5500.591,1,0.0020000000004074536,BACKFILL_AUTO
2026-04-04 09:34:55,1775295295,CRASH1000,5500.599,1,0.007999999999810825,BACKFILL_AUTO
2026-04-04 09:34:56,1775295296,CRASH1000,5500.6,1,0.0010000000002037268,BACKFILL_AUTO
2026-04-04 09:34:57,1775295297,CRASH1000,5500.603,1,0.0029999999997016857,BACKFILL_AUTO
2026-04-04 09:34:58,1775295298,CRASH1000,5500.606,1,0.0029999999997016857,BACKFILL_AUTO
2026-04-04 09:34:59,1775295299,CRASH1000,5500.618,1,0.012000000000625732,BACKFILL_AUTO
2026-04-04 09:35:00,1775295300,CRASH1000,5500.625,1,0.006999999999607098,BACKFILL_AUTO
2026-04-04 09:35:01,1775295301,CRASH1000,5500.629,1,0.0039999999999054126,BACKFILL_AUTO
2026-04-04 09:35:02,1775295302,CRASH1000,5500.637,1,0.007999999999810825,BACKFILL_AUTO
2026-04-04 09:35:03,1775295303,CRASH1000,5500.644,1,0.007000000000516593,BACKFILL_AUTO
2026-04-04 09:35:04,1775295304,CRASH1000,5500.646,1,0.001999999999497959,BACKFILL_AUTO
2026-04-04 09:35:05,1775295305,CRASH1000,5500.648,1,0.0020000000004074536,BACKFILL_AUTO
2026-04-04 09:35:06,1775295306,CRASH1000,5500.649,1,0.0010000000002037268,BACKFILL_AUTO
2026-04-04 09:35:07,1775295307,CRASH1000,5500.651,1,0.001999999999497959,BACKFILL_AUTO
2026-04-04 09:35:08,1775295308,CRASH1000,5500.659,1,0.007999999999810825,BACKFILL_AUTO
2026-04-04 09:35:09,1775295309,CRASH1000,5500.662,1,0.0030000000006111804,BACKFILL_AUTO
2026-04-04 09:35:10,1775295310,CRASH1000,5500.668,1,0.0059999999994033715,BACKFILL_AUTO
2026-04-04 09:35:11,1775295311,CRASH1000,5500.686,1,0.018000000000029104,BACKFILL_AUTO
2026-04-04 09:35:12,1775295312,CRASH1000,5500.692,1,0.006000000000312866,BACKFILL_AUTO
2026-04-04 09:35:13,1775295313,CRASH1000,5500.698,1,0.006000000000312866,BACKFILL_AUTO
2026-04-04 09:35:14,1775295314,CRASH1000,5500.71,1,0.011999999999716238,BACKFILL_AUTO
2026-04-04 09:35:15,1775295315,CRASH1000,5500.72,1,0.010000000000218279,BACKFILL_AUTO
2026-04-04 09:35:16,1775295316,CRASH1000,5500.726,1,0.0059999999994033715,BACKFILL_AUTO
2026-04-04 09:35:17,1775295317,CRASH1000,5500.727,1,0.0010000000002037268,BACKFILL_AUTO
2026-04-04 09:35:18,1775295318,CRASH1000,5500.729,1,0.0020000000004074536,BACKFILL_AUTO
2026-04-04 09:35:19,1775295319,CRASH1000,5500.733,1,0.0039999999999054126,BACKFILL_AUTO
2026-04-04 09:35:20,1775295320,CRASH1000,5500.735,1,0.001999999999497959,BACKFILL_AUTO
2026-04-04 09:35:21,1775295321,CRASH1000,5500.746,1,0.011000000000422006,BACKFILL_AUTO
2026-04-04 09:35:22,1775295322,CRASH1000,5500.75,1,0.0039999999999054126,BACKFILL_AUTO
2026-04-04 09:35:23,1775295323,CRASH1000,5500.756,1,0.006000000000312866,BACKFILL_AUTO
2026-04-04 09:35:24,1775295324,CRASH1000,5500.761,1,0.005000000000109139,BACKFILL_AUTO
2026-04-04 09:35:25,1775295325,CRASH1000,5500.763,1,0.001999999999497959,BACKFILL_AUTO
2026-04-04 09:35:26,1775295326,CRASH1000,5500.764,1,0.0010000000002037268,BACKFILL_AUTO
2026-04-04 09:35:27,1775295327,CRASH1000,5500.772,1,0.007999999999810825,BACKFILL_AUTO
2026-04-04 09:35:28,1775295328,CRASH1000,5500.774,1,0.0020000000004074536,BACKFILL_AUTO
2026-04-04 09:35:29,1775295329,CRASH1000,5500.779,1,0.005000000000109139,BACKFILL_AUTO
2026-04-04 09:35:30,1775295330,CRASH1000,5500.787,1,0.007999999999810825,BACKFILL_AUTO
2026-04-04 09:35:31,1775295331,CRASH1000,5500.794,1,0.006999999999607098,BACKFILL_AUTO
2026-04-04 09:35:32,1775295332,CRASH1000,5500.804,1,0.010000000000218279,BACKFILL_AUTO
2026-04-04 09:35:33,1775295333,CRASH1000,5500.812,1,0.007999999999810825,BACKFILL_AUTO
2026-04-04 09:35:34,1775295334,CRASH1000,5500.815,1,0.0029999999997016857,BACKFILL_AUTO
2026-04-04 09:35:35,1775295335,CRASH1000,5500.827,1,0.012000000000625732,BACKFILL_AUTO
2026-04-04 09:35:36,1775295336,CRASH1000,5500.842,1,0.014999999999417923,BACKFILL_AUTO
2026-04-04 09:35:37,1775295337,CRASH1000,5500.847,1,0.005000000000109139,BACKFILL_AUTO
2026-04-04 09:35:38,1775295338,CRASH1000,5500.857,1,0.010000000000218279,BACKFILL_AUTO
2026-04-04 09:35:39,1775295339,CRASH1000,5500.858,1,0.0010000000002037268,BACKFILL_AUTO
2026-04-04 09:35:40,1775295340,CRASH1000,5500.859,1,0.0010000000002037268,BACKFILL_AUTO
2026-04-04 09:35:41,1775295341,CRASH1000,5500.864,1,0.004999999999199645,BACKFILL_AUTO
2026-04-04 09:35:42,1775295342,CRASH1000,5500.879,1,0.015000000000327418,BACKFILL_AUTO
2026-04-04 09:35:43,1775295343,CRASH1000,5500.884,1,0.005000000000109139,BACKFILL_AUTO
2026-04-04 09:35:44,1775295344,CRASH1000,5500.892,1,0.007999999999810825,BACKFILL_AUTO
2026-04-04 09:35:45,1775295345,CRASH1000,5500.893,1,0.0010000000002037268,BACKFILL_AUTO
2026-04-04 09:35:46,1775295346,CRASH1000,5500.903,1,0.010000000000218279,BACKFILL_AUTO
2026-04-04 09:35:47,1775295347,CRASH1000,5500.904,1,0.0010000000002037268,BACKFILL_AUTO
2026-04-04 09:35:48,1775295348,CRASH1000,5500.916,1,0.011999999999716238,BACKFILL_AUTO
2026-04-04 09:35:49,1775295349,CRASH1000,5500.925,1,0.009000000000014552,BACKFILL_AUTO
2026-04-04 09:35:50,1775295350,CRASH1000,5500.932,1,0.006999999999607098,BACKFILL_AUTO
2026-04-04 09:35:51,1775295351,CRASH1000,5500.941,1,0.009000000000014552,BACKFILL_AUTO
2026-04-04 09:35:52,1775295352,CRASH1000,5500.952,1,0.011000000000422006,BACKFILL_AUTO
2026-04-04 09:35:53,1775295353,CRASH1000,5500.957,1,0.005000000000109139,BACKFILL_AUTO
2026-04-04 09:35:54,1775295354,CRASH1000,5500.961,1,0.0039999999999054126,BACKFILL_AUTO
2026-04-04 09:35:55,1775295355,CRASH1000,5500.966,1,0.005000000000109139,BACKFILL_AUTO
2026-04-04 09:35:56,1775295356,CRASH1000,5500.969,1,0.0029999999997016857,BACKFILL_AUTO
2026-04-04 09:35:57,1775295357,CRASH1000,5500.97,1,0.0010000000002037268,BACKFILL_AUTO
2026-04-04 09:35:58,1775295358,CRASH1000,5500.972,1,0.001999999999497959,BACKFILL_AUTO
2026-04-04 09:35:59,1775295359,CRASH1000,5500.979,1,0.007000000000516593,BACKFILL_AUTO
2026-04-04 09:36:00,1775295360,CRASH1000,5500.985,1,0.0059999999994033715,BACKFILL_AUTO
2026-04-04 09:36:01,1775295361,CRASH1000,5500.993,1,0.00800000000072032,BACKFILL_AUTO
2026-04-04 09:36:02,1775295362,CRASH1000,5500.994,1,0.0009999999992942321,BACKFILL_AUTO
2026-04-04 09:36:03,1775295363,CRASH1000,5500.996,1,0.0020000000004074536,BACKFILL_AUTO
2026-04-04 09:36:04,1775295364,CRASH1000,5501.001,1,0.005000000000109139,BACKFILL_AUTO
2026-04-04 09:36:05,1775295365,CRASH1000,5501.011,1,0.010000000000218279,BACKFILL_AUTO
2026-04-04 09:36:06,1775295366,CRASH1000,5501.017,1,0.0059999999994033715,BACKFILL_AUTO
2026-04-04 09:36:07,1775295367,CRASH1000,5501.027,1,0.010000000000218279,BACKFILL_AUTO
2026-04-04 09:36:08,1775295368,CRASH1000,5501.03,1,0.0029999999997016857,BACKFILL_AUTO
2026-04-04 09:36:09,1775295369,CRASH1000,5501.033,1,0.0030000000006111804,BACKFILL_AUTO
2026-04-04 09:36:10,1775295370,CRASH1000,5501.035,1,0.001999999999497959,BACKFILL_AUTO
2026-04-04 09:36:11,1775295371,CRASH1000,5501.035,0,0.0,BACKFILL_AUTO
2026-04-04 09:36:12,1775295372,CRASH1000,5501.035,0,0.0,BACKFILL_AUTO
2026-04-04 09:36:13,1775295373,CRASH1000,5501.043,1,0.007999999999810825,BACKFILL_AUTO
2026-04-04 09:36:14,1775295374,CRASH1000,5501.049,1,0.006000000000312866,BACKFILL_AUTO
2026-04-04 09:36:15,1775295375,CRASH1000,5501.055,1,0.006000000000312866,BACKFILL_AUTO
2026-04-04 09:36:16,1775295376,CRASH1000,5501.062,1,0.006999999999607098,BACKFILL_AUTO
2026-04-04 09:36:17,1775295377,CRASH1000,5501.064,1,0.0020000000004074536,BACKFILL_AUTO
2026-04-04 09:36:18,1775295378,CRASH1000,5501.074,1,0.009999999999308784,BACKFILL_AUTO
2026-04-04 09:36:19,1775295379,CRASH1000,5501.08,1,0.006000000000312866,BACKFILL_AUTO
2026-04-04 09:36:20,1775295380,CRASH1000,5501.083,1,0.0029999999997016857,BACKFILL_AUTO
2026-04-04 09:36:21,1775295381,CRASH1000,5501.092,1,0.009000000000014552,BACKFILL_AUTO
2026-04-04 09:36:22,1775295382,CRASH1000,5501.1,1,0.00800000000072032,BACKFILL_AUTO
2026-04-04 09:36:23,1775295383,CRASH1000,5501.1,0,0.0,BACKFILL_AUTO
2026-04-04 09:36:24,1775295384,CRASH1000,5501.103,1,0.0029999999997016857,BACKFILL_AUTO
2026-04-04 09:36:25,1775295385,CRASH1000,5501.112,1,0.009000000000014552,BACKFILL_AUTO
2026-04-04 09:36:26,1775295386,CRASH1000,5501.116,1,0.0039999999999054126,BACKFILL_AUTO
2026-04-04 09:36:27,1775295387,CRASH1000,5501.118,1,0.0020000000004074536,BACKFILL_AUTO
2026-04-04 09:36:28,1775295388,CRASH1000,5501.122,1,0.0039999999999054126,BACKFILL_AUTO
2026-04-04 09:36:29,1775295389,CRASH1000,5501.127,1,0.005000000000109139,BACKFILL_AUTO
2026-04-04 09:36:30,1775295390,CRASH1000,5501.13,1,0.0029999999997016857,BACKFILL_AUTO
2026-04-04 09:36:31,1775295391,CRASH1000,5501.142,1,0.011999999999716238,BACKFILL_AUTO
2026-04-04 09:36:32,1775295392,CRASH1000,5501.145,1,0.0030000000006111804,BACKFILL_AUTO
2026-04-04 09:36:33,1775295393,CRASH1000,5501.15,1,0.004999999999199645,BACKFILL_AUTO
2026-04-04 09:36:34,1775295394,CRASH1000,5501.16,1,0.010000000000218279,BACKFILL_AUTO
2026-04-04 09:36:35,1775295395,CRASH1000,5501.165,1,0.005000000000109139,BACKFILL_AUTO
2026-04-04 09:36:36,1775295396,CRASH1000,5501.171,1,0.006000000000312866,BACKFILL_AUTO
2026-04-04 09:36:37,1775295397,CRASH1000,5501.175,1,0.0039999999999054126,BACKFILL_AUTO
2026-04-04 09:36:38,1775295398,CRASH1000,5501.185,1,0.010000000000218279,BACKFILL_AUTO
2026-04-04 09:36:39,1775295399,CRASH1000,5501.189,1,0.0039999999999054126,BACKFILL_AUTO
2026-04-04 09:36:40,1775295400,CRASH1000,5501.195,1,0.0059999999994033715,BACKFILL_AUTO
2026-04-04 09:36:41,1775295401,CRASH1000,5501.2,1,0.005000000000109139,BACKFILL_AUTO
2026-04-04 09:36:42,1775295402,CRASH1000,5501.214,1,0.014000000000123691,BACKFILL_AUTO
2026-04-04 09:36:43,1775295403,CRASH1000,5501.218,1,0.0039999999999054126,BACKFILL_AUTO
2026-04-04 09:36:44,1775295404,CRASH1000,5501.22,1,0.0020000000004074536,BACKFILL_AUTO
2026-04-04 09:36:45,1775295405,CRASH1000,5501.226,1,0.0059999999994033715,BACKFILL_AUTO
2026-04-04 09:36:46,1775295406,CRASH1000,5501.227,1,0.0010000000002037268,BACKFILL_AUTO
2026-04-04 09:36:47,1775295407,CRASH1000,5501.232,1,0.005000000000109139,BACKFILL_AUTO
2026-04-04 09:36:48,1775295408,CRASH1000,5501.233,1,0.0010000000002037268,BACKFILL_AUTO
2026-04-04 09:36:49,1775295409,CRASH1000,5501.242,1,0.009000000000014552,BACKFILL_AUTO
2026-04-04 09:36:50,1775295410,CRASH1000,5501.244,1,0.001999999999497959,BACKFILL_AUTO
2026-04-04 09:36:51,1775295411,CRASH1000,5501.25,1,0.006000000000312866,BACKFILL_AUTO
2026-04-04 09:36:52,1775295412,CRASH1000,5501.256,1,0.006000000000312866,BACKFILL_AUTO
2026-04-04 09:36:53,1775295413,CRASH1000,5501.259,1,0.0029999999997016857,BACKFILL_AUTO
2026-04-04 09:36:54,1775295414,CRASH1000,5501.265,1,0.006000000000312866,BACKFILL_AUTO
2026-04-04 09:36:55,1775295415,CRASH1000,5501.266,1,0.0009999999992942321,BACKFILL_AUTO
2026-04-04 09:36:56,1775295416,CRASH1000,5501.271,1,0.005000000000109139,BACKFILL_AUTO
2026-04-04 09:36:57,1775295417,CRASH1000,5501.29,1,0.01900000000023283,BACKFILL_AUTO
2026-04-04 09:36:58,1775295418,CRASH1000,5501.295,1,0.005000000000109139,BACKFILL_AUTO
2026-04-04 09:36:59,1775295419,CRASH1000,5501.301,1,0.006000000000312866,BACKFILL_AUTO
2026-04-04 09:37:00,1775295420,CRASH1000,5501.311,1,0.009999999999308784,BACKFILL_AUTO
2026-04-04 09:37:01,1775295421,CRASH1000,5501.311,0,0.0,BACKFILL_AUTO
2026-04-04 09:37:02,1775295422,CRASH1000,5501.324,1,0.012999999999919964,BACKFILL_AUTO
2026-04-04 09:37:03,1775295423,CRASH1000,5501.335,1,0.011000000000422006,BACKFILL_AUTO
2026-04-04 09:37:04,1775295424,CRASH1000,5501.339,1,0.0039999999999054126,BACKFILL_AUTO
2026-04-04 09:37:05,1775295425,CRASH1000,5501.343,1,0.0039999999999054126,BACKFILL_AUTO
2026-04-04 09:37:06,1775295426,CRASH1000,5501.351,1,0.007999999999810825,BACKFILL_AUTO
2026-04-04 09:37:07,1775295427,CRASH1000,5501.36,1,0.009000000000014552,BACKFILL_AUTO
2026-04-04 09:37:08,1775295428,CRASH1000,5501.362,1,0.0020000000004074536,BACKFILL_AUTO
2026-04-04 09:37:09,1775295429,CRASH1000,5501.369,1,0.006999999999607098,BACKFILL_AUTO
2026-04-04 09:37:10,1775295430,CRASH1000,5501.379,1,0.010000000000218279,BACKFILL_AUTO
2026-04-04 09:37:11,1775295431,CRASH1000,5501.383,1,0.0039999999999054126,BACKFILL_AUTO
2026-04-04 09:37:12,1775295432,CRASH1000,5501.389,1,0.006000000000312866,BACKFILL_AUTO
2026-04-04 09:37:13,1775295433,CRASH1000,5501.397,1,0.007999999999810825,BACKFILL_AUTO
2026-04-04 09:37:14,1775295434,CRASH1000,5501.409,1,0.011999999999716238,BACKFILL_AUTO
2026-04-04 09:37:15,1775295435,CRASH1000,5501.411,1,0.0020000000004074536,BACKFILL_AUTO
2026-04-04 09:37:16,1775295436,CRASH1000,5501.418,1,0.006999999999607098,BACKFILL_AUTO
2026-04-04 09:37:17,1775295437,CRASH1000,5501.42,1,0.0020000000004074536,BACKFILL_AUTO
2026-04-04 09:37:18,1775295438,CRASH1000,5501.425,1,0.005000000000109139,BACKFILL_AUTO
2026-04-04 09:37:19,1775295439,CRASH1000,5501.433,1,0.007999999999810825,BACKFILL_AUTO
2026-04-04 09:37:20,1775295440,CRASH1000,5501.44,1,0.006999999999607098,BACKFILL_AUTO
2026-04-04 09:37:21,1775295441,CRASH1000,5501.443,1,0.0030000000006111804,BACKFILL_AUTO
2026-04-04 09:37:22,1775295442,CRASH1000,5501.444,1,0.0010000000002037268,BACKFILL_AUTO
2026-04-04 09:37:23,1775295443,CRASH1000,5501.449,1,0.004999999999199645,BACKFILL_AUTO
2026-04-04 09:37:24,1775295444,CRASH1000,5501.453,1,0.004000000000814907,BACKFILL_AUTO
2026-04-04 09:37:25,1775295445,CRASH1000,5501.454,1,0.0009999999992942321,BACKFILL_AUTO
2026-04-04 09:37:26,1775295446,CRASH1000,5501.457,1,0.0030000000006111804,BACKFILL_AUTO
2026-04-04 09:37:27,1775295447,CRASH1000,5501.457,0,0.0,BACKFILL_AUTO
2026-04-04 09:37:28,1775295448,CRASH1000,5501.466,1,0.009000000000014552,BACKFILL_AUTO
2026-04-04 09:37:29,1775295449,CRASH1000,5501.474,1,0.007999999999810825,BACKFILL_AUTO
2026-04-04 09:37:30,1775295450,CRASH1000,5501.486,1,0.011999999999716238,BACKFILL_AUTO
2026-04-04 09:37:31,1775295451,CRASH1000,5501.49,1,0.0039999999999054126,BACKFILL_AUTO
2026-04-04 09:37:32,1775295452,CRASH1000,5501.499,1,0.009000000000014552,BACKFILL_AUTO
2026-04-04 09:37:33,1775295453,CRASH1000,5501.504,1,0.005000000000109139,BACKFILL_AUTO
2026-04-04 09:37:34,1775295454,CRASH1000,5501.508,1,0.0039999999999054126,BACKFILL_AUTO
2026-04-04 09:37:35,1775295455,CRASH1000,5501.516,1,0.007999999999810825,BACKFILL_AUTO
2026-04-04 09:37:36,1775295456,CRASH1000,5501.519,1,0.0030000000006111804,BACKFILL_AUTO
2026-04-04 09:37:37,1775295457,CRASH1000,5501.527,1,0.007999999999810825,BACKFILL_AUTO
2026-04-04 09:37:38,1775295458,CRASH1000,5501.527,0,0.0,BACKFILL_AUTO
2026-04-04 09:37:39,1775295459,CRASH1000,5501.532,1,0.005000000000109139,BACKFILL_AUTO
2026-04-04 09:37:40,1775295460,CRASH1000,5501.537,1,0.005000000000109139,BACKFILL_AUTO
2026-04-04 09:37:41,1775295461,CRASH1000,5501.55,1,0.012999999999919964,BACKFILL_AUTO
2026-04-04 09:37:42,1775295462,CRASH1000,5501.551,1,0.0010000000002037268,BACKFILL_AUTO
2026-04-04 09:37:43,1775295463,CRASH1000,5501.555,1,0.0039999999999054126,BACKFILL_AUTO
2026-04-04 09:37:44,1775295464,CRASH1000,5501.562,1,0.006999999999607098,BACKFILL_AUTO
2026-04-04 09:37:45,1775295465,CRASH1000,5501.565,1,0.0029999999997016857,BACKFILL_AUTO
2026-04-04 09:37:46,1775295466,CRASH1000,5501.569,1,0.004000000000814907,BACKFILL_AUTO
2026-04-04 09:37:47,1775295467,CRASH1000,5501.571,1,0.001999999999497959,BACKFILL_AUTO
2026-04-04 09:37:48,1775295468,CRASH1000,5501.579,1,0.007999999999810825,BACKFILL_AUTO
2026-04-04 09:37:49,1775295469,CRASH1000,5501.591,1,0.012000000000625732,BACKFILL_AUTO
2026-04-04 09:37:50,1775295470,CRASH1000,5501.591,0,0.0,BACKFILL_AUTO
2026-04-04 09:37:51,1775295471,CRASH1000,5501.591,0,0.0,BACKFILL_AUTO
2026-04-04 09:37:52,1775295472,CRASH1000,5501.603,1,0.011999999999716238,BACKFILL_AUTO
2026-04-04 09:37:53,1775295473,CRASH1000,5501.606,1,0.0029999999997016857,BACKFILL_AUTO
2026-04-04 09:37:54,1775295474,CRASH1000,5501.618,1,0.012000000000625732,BACKFILL_AUTO
2026-04-04 09:37:55,1775295475,CRASH1000,5501.619,1,0.0009999999992942321,BACKFILL_AUTO
2026-04-04 09:37:56,1775295476,CRASH1000,5501.627,1,0.00800000000072032,BACKFILL_AUTO
2026-04-04 09:37:57,1775295477,CRASH1000,5501.628,1,0.0009999999992942321,BACKFILL_AUTO
2026-04-04 09:37:58,1775295478,CRASH1000,5501.637,1,0.009000000000014552,BACKFILL_AUTO
2026-04-04 09:37:59,1775295479,CRASH1000,5501.641,1,0.0039999999999054126,BACKFILL_AUTO
2026-04-04 09:38:00,1775295480,CRASH1000,5501.647,1,0.006000000000312866,BACKFILL_AUTO
2026-04-04 09:38:01,1775295481,CRASH1000,5501.648,1,0.0010000000002037268,BACKFILL_AUTO
2026-04-04 09:38:02,1775295482,CRASH1000,5501.666,1,0.018000000000029104,BACKFILL_AUTO
2026-04-04 09:38:03,1775295483,CRASH1000,5501.668,1,0.001999999999497959,BACKFILL_AUTO
2026-04-04 09:38:04,1775295484,CRASH1000,5501.67,1,0.0020000000004074536,BACKFILL_AUTO
2026-04-04 09:38:05,1775295485,CRASH1000,5501.683,1,0.012999999999919964,BACKFILL_AUTO
2026-04-04 09:38:06,1775295486,CRASH1000,5501.689,1,0.006000000000312866,BACKFILL_AUTO
2026-04-04 09:38:07,1775295487,CRASH1000,5501.694,1,0.005000000000109139,BACKFILL_AUTO
2026-04-04 09:38:08,1775295488,CRASH1000,5501.7,1,0.0059999999994033715,BACKFILL_AUTO
2026-04-04 09:38:09,1775295489,CRASH1000,5501.714,1,0.014000000000123691,BACKFILL_AUTO
2026-04-04 09:38:10,1775295490,CRASH1000,5501.717,1,0.0029999999997016857,BACKFILL_AUTO
2026-04-04 09:38:11,1775295491,CRASH1000,5501.729,1,0.012000000000625732,BACKFILL_AUTO
2026-04-04 09:38:12,1775295492,CRASH1000,5501.73,1,0.0009999999992942321,BACKFILL_AUTO
2026-04-04 09:38:13,1775295493,CRASH1000,5501.736,1,0.006000000000312866,BACKFILL_AUTO
2026-04-04 09:38:14,1775295494,CRASH1000,5501.746,1,0.010000000000218279,BACKFILL_AUTO
2026-04-04 09:38:15,1775295495,CRASH1000,5501.752,1,0.006000000000312866,BACKFILL_AUTO
2026-04-04 09:38:16,1775295496,CRASH1000,5501.755,1,0.0029999999997016857,BACKFILL_AUTO
2026-04-04 09:38:17,1775295497,CRASH1000,5501.756,1,0.0010000000002037268,BACKFILL_AUTO
2026-04-04 09:38:18,1775295498,CRASH1000,5501.762,1,0.0059999999994033715,BACKFILL_AUTO
2026-04-04 09:38:19,1775295499,CRASH1000,5501.769,1,0.007000000000516593,BACKFILL_AUTO
2026-04-04 09:38:20,1775295500,CRASH1000,5501.775,1,0.0059999999994033715,BACKFILL_AUTO
2026-04-04 09:38:21,1775295501,CRASH1000,5501.776,1,0.0010000000002037268,BACKFILL_AUTO
2026-04-04 09:38:22,1775295502,CRASH1000,5501.779,1,0.0030000000006111804,BACKFILL_AUTO
2026-04-04 09:38:23,1775295503,CRASH1000,5501.782,1,0.0029999999997016857,BACKFILL_AUTO
2026-04-04 09:38:24,1775295504,CRASH1000,5501.786,1,0.0039999999999054126,BACKFILL_AUTO
2026-04-04 09:38:25,1775295505,CRASH1000,5501.799,1,0.012999999999919964,BACKFILL_AUTO
2026-04-04 09:38:26,1775295506,CRASH1000,5501.81,1,0.011000000000422006,BACKFILL_AUTO
2026-04-04 09:38:27,1775295507,CRASH1000,5501.817,1,0.006999999999607098,BACKFILL_AUTO
2026-04-04 09:38:28,1775295508,CRASH1000,5501.823,1,0.006000000000312866,BACKFILL_AUTO
2026-04-04 09:38:29,1775295509,CRASH1000,5501.834,1,0.01099999999951251,BACKFILL_AUTO
2026-04-04 09:38:30,1775295510,CRASH1000,5501.843,1,0.009000000000014552,BACKFILL_AUTO
2026-04-04 09:38:31,1775295511,CRASH1000,5501.845,1,0.0020000000004074536,BACKFILL_AUTO
2026-04-04 09:38:32,1775295512,CRASH1000,5501.85,1,0.005000000000109139,BACKFILL_AUTO
2026-04-04 09:38:33,1775295513,CRASH1000,5501.858,1,0.007999999999810825,BACKFILL_AUTO
2026-04-04 09:38:34,1775295514,CRASH1000,5501.866,1,0.007999999999810825,BACKFILL_AUTO
2026-04-04 09:38:35,1775295515,CRASH1000,5501.87,1,0.0039999999999054126,BACKFILL_AUTO
2026-04-04 09:38:36,1775295516,CRASH1000,5501.877,1,0.007000000000516593,BACKFILL_AUTO
2026-04-04 09:38:37,1775295517,CRASH1000,5501.882,1,0.004999999999199645,BACKFILL_AUTO
2026-04-04 09:38:38,1775295518,CRASH1000,5501.883,1,0.0010000000002037268,BACKFILL_AUTO
2026-04-04 09:38:39,1775295519,CRASH1000,5501.886,1,0.0030000000006111804,BACKFILL_AUTO
2026-04-04 09:38:40,1775295520,CRASH1000,5501.891,1,0.004999999999199645,BACKFILL_AUTO
2026-04-04 09:38:41,1775295521,CRASH1000,5501.893,1,0.0020000000004074536,BACKFILL_AUTO
2026-04-04 09:38:42,1775295522,CRASH1000,5501.894,1,0.0010000000002037268,BACKFILL_AUTO
2026-04-04 09:38:43,1775295523,CRASH1000,5501.901,1,0.006999999999607098,BACKFILL_AUTO
2026-04-04 09:38:44,1775295524,CRASH1000,5501.902,1,0.0010000000002037268,BACKFILL_AUTO
2026-04-04 09:38:45,1775295525,CRASH1000,5501.916,1,0.014000000000123691,BACKFILL_AUTO
2026-04-04 09:38:46,1775295526,CRASH1000,5501.917,1,0.0010000000002037268,BACKFILL_AUTO
2026-04-04 09:38:47,1775295527,CRASH1000,5501.919,1,0.001999999999497959,BACKFILL_AUTO
2026-04-04 09:38:48,1775295528,CRASH1000,5501.928,1,0.009000000000014552,BACKFILL_AUTO
2026-04-04 09:38:49,1775295529,CRASH1000,5501.932,1,0.0039999999999054126,BACKFILL_AUTO
2026-04-04 09:38:50,1775295530,CRASH1000,5501.942,1,0.010000000000218279,BACKFILL_AUTO
2026-04-04 09:38:51,1775295531,CRASH1000,5501.943,1,0.0010000000002037268,BACKFILL_AUTO
2026-04-04 09:38:52,1775295532,CRASH1000,5501.947,1,0.0039999999999054126,BACKFILL_AUTO
2026-04-04 09:38:53,1775295533,CRASH1000,5501.954,1,0.006999999999607098,BACKFILL_AUTO
2026-04-04 09:38:54,1775295534,CRASH1000,5501.963,1,0.009000000000014552,BACKFILL_AUTO
2026-04-04 09:38:55,1775295535,CRASH1000,5501.966,1,0.0030000000006111804,BACKFILL_AUTO
2026-04-04 09:38:56,1775295536,CRASH1000,5501.972,1,0.0059999999994033715,BACKFILL_AUTO
2026-04-04 09:38:57,1775295537,CRASH1000,5501.981,1,0.009000000000014552,BACKFILL_AUTO
2026-04-04 09:38:58,1775295538,CRASH1000,5501.985,1,0.0039999999999054126,BACKFILL_AUTO
2026-04-04 09:38:59,1775295539,CRASH1000,5501.99,1,0.005000000000109139,BACKFILL_AUTO
2026-04-04 09:39:00,1775295540,CRASH1000,5501.999,1,0.009000000000014552,BACKFILL_AUTO
2026-04-04 09:39:01,1775295541,CRASH1000,5502.006,1,0.007000000000516593,BACKFILL_AUTO
2026-04-04 09:39:02,1775295542,CRASH1000,5502.007,1,0.0009999999992942321,BACKFILL_AUTO
2026-04-04 09:39:03,1775295543,CRASH1000,5502.013,1,0.006000000000312866,BACKFILL_AUTO
2026-04-04 09:39:04,1775295544,CRASH1000,5502.02,1,0.007000000000516593,BACKFILL_AUTO
2026-04-04 09:39:05,1775295545,CRASH1000,5502.032,1,0.011999999999716238,BACKFILL_AUTO
2026-04-04 09:39:06,1775295546,CRASH1000,5502.037,1,0.005000000000109139,BACKFILL_AUTO
2026-04-04 09:39:07,1775295547,CRASH1000,5502.039,1,0.001999999999497959,BACKFILL_AUTO
2026-04-04 09:39:08,1775295548,CRASH1000,5502.044,1,0.005000000000109139,BACKFILL_AUTO
2026-04-04 09:39:09,1775295549,CRASH1000,5502.046,1,0.0020000000004074536,BACKFILL_AUTO
2026-04-04 09:39:10,1775295550,CRASH1000,5502.047,1,0.0009999999992942321,BACKFILL_AUTO
2026-04-04 09:39:11,1775295551,CRASH1000,5502.049,1,0.0020000000004074536,BACKFILL_AUTO
2026-04-04 09:39:12,1775295552,CRASH1000,5502.052,1,0.0029999999997016857,BACKFILL_AUTO
2026-04-04 09:39:13,1775295553,CRASH1000,5502.063,1,0.011000000000422006,BACKFILL_AUTO
2026-04-04 09:39:14,1775295554,CRASH1000,5502.073,1,0.010000000000218279,BACKFILL_AUTO
2026-04-04 09:39:15,1775295555,CRASH1000,5502.076,1,0.0029999999997016857,BACKFILL_AUTO
2026-04-04 09:39:16,1775295556,CRASH1000,5502.078,1,0.0020000000004074536,BACKFILL_AUTO
2026-04-04 09:39:17,1775295557,CRASH1000,5502.083,1,0.004999999999199645,BACKFILL_AUTO
2026-04-04 09:39:18,1775295558,CRASH1000,5502.088,1,0.005000000000109139,BACKFILL_AUTO
2026-04-04 09:39:19,1775295559,CRASH1000,5502.092,1,0.0039999999999054126,BACKFILL_AUTO
2026-04-04 09:39:20,1775295560,CRASH1000,5502.102,1,0.010000000000218279,BACKFILL_AUTO
2026-04-04 09:39:21,1775295561,CRASH1000,5502.107,1,0.005000000000109139,BACKFILL_AUTO
2026-04-04 09:39:22,1775295562,CRASH1000,5502.117,1,0.010000000000218279,BACKFILL_AUTO
2026-04-04 09:39:23,1775295563,CRASH1000,5502.125,1,0.007999999999810825,BACKFILL_AUTO
2026-04-04 09:39:24,1775295564,CRASH1000,5502.136,1,0.011000000000422006,BACKFILL_AUTO
2026-04-04 09:39:25,1775295565,CRASH1000,5502.14,1,0.0039999999999054126,BACKFILL_AUTO
2026-04-04 09:39:26,1775295566,CRASH1000,5502.144,1,0.0039999999999054126,BACKFILL_AUTO
2026-04-04 09:39:27,1775295567,CRASH1000,5502.149,1,0.005000000000109139,BACKFILL_AUTO
2026-04-04 09:39:28,1775295568,CRASH1000,5502.15,1,0.0009999999992942321,BACKFILL_AUTO
2026-04-04 09:39:29,1775295569,CRASH1000,5502.152,1,0.0020000000004074536,BACKFILL_AUTO
2026-04-04 09:39:30,1775295570,CRASH1000,5502.156,1,0.0039999999999054126,BACKFILL_AUTO
2026-04-04 09:39:31,1775295571,CRASH1000,5502.159,1,0.0029999999997016857,BACKFILL_AUTO
2026-04-04 09:39:32,1775295572,CRASH1000,5502.164,1,0.005000000000109139,BACKFILL_AUTO
2026-04-04 09:39:33,1775295573,CRASH1000,5502.166,1,0.0020000000004074536,BACKFILL_AUTO
2026-04-04 09:39:34,1775295574,CRASH1000,5502.18,1,0.014000000000123691,BACKFILL_AUTO
2026-04-04 09:39:35,1775295575,CRASH1000,5502.183,1,0.0029999999997016857,BACKFILL_AUTO
2026-04-04 09:39:36,1775295576,CRASH1000,5502.183,0,0.0,BACKFILL_AUTO
2026-04-04 09:39:37,1775295577,CRASH1000,5502.192,1,0.009000000000014552,BACKFILL_AUTO
2026-04-04 09:39:38,1775295578,CRASH1000,5502.197,1,0.005000000000109139,BACKFILL_AUTO
2026-04-04 09:39:39,1775295579,CRASH1000,5502.207,1,0.010000000000218279,BACKFILL_AUTO
2026-04-04 09:39:40,1775295580,CRASH1000,5502.218,1,0.01099999999951251,BACKFILL_AUTO
2026-04-04 09:39:41,1775295581,CRASH1000,5502.221,1,0.0029999999997016857,BACKFILL_AUTO
2026-04-04 09:39:42,1775295582,CRASH1000,5502.222,1,0.0010000000002037268,BACKFILL_AUTO
2026-04-04 09:39:43,1775295583,CRASH1000,5502.227,1,0.005000000000109139,BACKFILL_AUTO
2026-04-04 09:39:44,1775295584,CRASH1000,5502.233,1,0.006000000000312866,BACKFILL_AUTO
2026-04-04 09:39:45,1775295585,CRASH1000,5502.239,1,0.0059999999994033715,BACKFILL_AUTO
2026-04-04 09:39:46,1775295586,CRASH1000,5502.244,1,0.005000000000109139,BACKFILL_AUTO
2026-04-04 09:39:47,1775295587,CRASH1000,5502.262,1,0.018000000000029104,BACKFILL_AUTO
2026-04-04 09:39:48,1775295588,CRASH1000,5502.267,1,0.005000000000109139,BACKFILL_AUTO
2026-04-04 09:39:49,1775295589,CRASH1000,5502.268,1,0.0010000000002037268,BACKFILL_AUTO
2026-04-04 09:39:50,1775295590,CRASH1000,5502.271,1,0.0029999999997016857,BACKFILL_AUTO
2026-04-04 09:39:51,1775295591,CRASH1000,5502.275,1,0.0039999999999054126,BACKFILL_AUTO
2026-04-04 09:39:52,1775295592,CRASH1000,5502.282,1,0.007000000000516593,BACKFILL_AUTO
2026-04-04 09:39:53,1775295593,CRASH1000,5502.283,1,0.0010000000002037268,BACKFILL_AUTO
2026-04-04 09:39:54,1775295594,CRASH1000,5502.287,1,0.0039999999999054126,BACKFILL_AUTO
2026-04-04 09:39:55,1775295595,CRASH1000,5502.288,1,0.0009999999992942321,BACKFILL_AUTO
2026-04-04 09:39:56,1775295596,CRASH1000,5502.295,1,0.007000000000516593,BACKFILL_AUTO
2026-04-04 09:39:57,1775295597,CRASH1000,5502.302,1,0.006999999999607098,BACKFILL_AUTO
2026-04-04 09:39:58,1775295598,CRASH1000,5502.305,1,0.0030000000006111804,BACKFILL_AUTO
2026-04-04 09:39:59,1775295599,CRASH1000,5502.308,1,0.0029999999997016857,BACKFILL_AUTO
2026-04-04 09:40:00,1775295600,CRASH1000,5502.312,1,0.0039999999999054126,BACKFILL_AUTO
2026-04-04 09:40:01,1775295601,CRASH1000,5502.318,1,0.006000000000312866,BACKFILL_AUTO
2026-04-04 09:40:02,1775295602,CRASH1000,5502.329,1,0.01099999999951251,BACKFILL_AUTO
2026-04-04 09:40:03,1775295603,CRASH1000,5502.336,1,0.007000000000516593,BACKFILL_AUTO
2026-04-04 09:40:04,1775295604,CRASH1000,5502.343,1,0.006999999999607098,BACKFILL_AUTO
2026-04-04 09:40:05,1775295605,CRASH1000,5502.349,1,0.006000000000312866,BACKFILL_AUTO
2026-04-04 09:40:06,1775295606,CRASH1000,5502.359,1,0.010000000000218279,BACKFILL_AUTO
2026-04-04 09:40:07,1775295607,CRASH1000,5502.366,1,0.006999999999607098,BACKFILL_AUTO
2026-04-04 09:40:08,1775295608,CRASH1000,5502.375,1,0.009000000000014552,BACKFILL_AUTO
2026-04-04 09:40:09,1775295609,CRASH1000,5502.376,1,0.0010000000002037268,BACKFILL_AUTO
2026-04-04 09:40:10,1775295610,CRASH1000,5502.377,1,0.0010000000002037268,BACKFILL_AUTO
2026-04-04 09:40:11,1775295611,CRASH1000,5502.39,1,0.012999999999919964,BACKFILL_AUTO
2026-04-04 09:40:12,1775295612,CRASH1000,5502.393,1,0.0029999999997016857,BACKFILL_AUTO
2026-04-04 09:40:13,1775295613,CRASH1000,5502.41,1,0.016999999999825377,BACKFILL_AUTO
2026-04-04 09:40:14,1775295614,CRASH1000,5502.42,1,0.010000000000218279,BACKFILL_AUTO
2026-04-04 09:40:15,1775295615,CRASH1000,5502.429,1,0.009000000000014552,BACKFILL_AUTO
2026-04-04 09:40:16,1775295616,CRASH1000,5502.433,1,0.0039999999999054126,BACKFILL_AUTO
2026-04-04 09:40:17,1775295617,CRASH1000,5502.445,1,0.011999999999716238,BACKFILL_AUTO
2026-04-04 09:40:18,1775295618,CRASH1000,5502.454,1,0.009000000000014552,BACKFILL_AUTO
2026-04-04 09:40:19,1775295619,CRASH1000,5502.466,1,0.012000000000625732,BACKFILL_AUTO
2026-04-04 09:40:20,1775295620,CRASH1000,5502.477,1,0.01099999999951251,BACKFILL_AUTO
2026-04-04 09:40:21,1775295621,CRASH1000,5502.481,1,0.0039999999999054126,BACKFILL_AUTO
2026-04-04 09:40:22,1775295622,CRASH1000,5502.482,1,0.0010000000002037268,BACKFILL_AUTO
2026-04-04 09:40:23,1775295623,CRASH1000,5502.491,1,0.009000000000014552,BACKFILL_AUTO
2026-04-04 09:40:24,1775295624,CRASH1000,5502.498,1,0.006999999999607098,BACKFILL_AUTO
2026-04-04 09:40:25,1775295625,CRASH1000,5502.502,1,0.004000000000814907,BACKFILL_AUTO
2026-04-04 09:40:26,1775295626,CRASH1000,5502.51,1,0.007999999999810825,BACKFILL_AUTO
2026-04-04 09:40:27,1775295627,CRASH1000,5502.513,1,0.0029999999997016857,BACKFILL_AUTO
2026-04-04 09:40:28,1775295628,CRASH1000,5502.514,1,0.0010000000002037268,BACKFILL_AUTO
2026-04-04 09:40:29,1775295629,CRASH1000,5502.521,1,0.006999999999607098,BACKFILL_AUTO
2026-04-04 09:40:30,1775295630,CRASH1000,5502.526,1,0.005000000000109139,BACKFILL_AUTO
2026-04-04 09:40:31,1775295631,CRASH1000,5502.535,1,0.009000000000014552,BACKFILL_AUTO
2026-04-04 09:40:32,1775295632,CRASH1000,5502.54,1,0.005000000000109139,BACKFILL_AUTO
2026-04-04 09:40:33,1775295633,CRASH1000,5502.552,1,0.011999999999716238,BACKFILL_AUTO
2026-04-04 09:40:34,1775295634,CRASH1000,5502.556,1,0.0039999999999054126,BACKFILL_AUTO
2026-04-04 09:40:35,1775295635,CRASH1000,5502.558,1,0.0020000000004074536,BACKFILL_AUTO
2026-04-04 09:40:36,1775295636,CRASH1000,5502.567,1,0.009000000000014552,BACKFILL_AUTO
2026-04-04 09:40:37,1775295637,CRASH1000,5502.568,1,0.0010000000002037268,BACKFILL_AUTO
2026-04-04 09:40:38,1775295638,CRASH1000,5502.575,1,0.006999999999607098,BACKFILL_AUTO
2026-04-04 09:40:39,1775295639,CRASH1000,5502.593,1,0.018000000000029104,BACKFILL_AUTO
2026-04-04 09:40:40,1775295640,CRASH1000,5502.594,1,0.0010000000002037268,BACKFILL_AUTO
2026-04-04 09:40:41,1775295641,CRASH1000,5502.598,1,0.0039999999999054126,BACKFILL_AUTO
2026-04-04 09:40:42,1775295642,CRASH1000,5502.602,1,0.0039999999999054126,BACKFILL_AUTO
2026-04-04 09:40:43,1775295643,CRASH1000,5502.607,1,0.005000000000109139,BACKFILL_AUTO
2026-04-04 09:40:44,1775295644,CRASH1000,5502.617,1,0.010000000000218279,BACKFILL_AUTO
2026-04-04 09:40:45,1775295645,CRASH1000,5502.631,1,0.014000000000123691,BACKFILL_AUTO
2026-04-04 09:40:46,1775295646,CRASH1000,5502.64,1,0.009000000000014552,BACKFILL_AUTO
2026-04-04 09:40:47,1775295647,CRASH1000,5502.641,1,0.0009999999992942321,BACKFILL_AUTO
2026-04-04 09:40:48,1775295648,CRASH1000,5502.651,1,0.010000000000218279,BACKFILL_AUTO
2026-04-04 09:40:49,1775295649,CRASH1000,5502.655,1,0.0039999999999054126,BACKFILL_AUTO
2026-04-04 09:40:50,1775295650,CRASH1000,5502.664,1,0.009000000000014552,BACKFILL_AUTO
2026-04-04 09:40:51,1775295651,CRASH1000,5502.669,1,0.005000000000109139,BACKFILL_AUTO
2026-04-04 09:40:52,1775295652,CRASH1000,5502.674,1,0.005000000000109139,BACKFILL_AUTO
2026-04-04 09:40:53,1775295653,CRASH1000,5502.681,1,0.006999999999607098,BACKFILL_AUTO
2026-04-04 09:40:54,1775295654,CRASH1000,5502.683,1,0.0020000000004074536,BACKFILL_AUTO
2026-04-04 09:40:55,1775295655,CRASH1000,5502.693,1,0.010000000000218279,BACKFILL_AUTO
2026-04-04 09:40:56,1775295656,CRASH1000,5502.696,1,0.0029999999997016857,BACKFILL_AUTO
2026-04-04 09:40:57,1775295657,CRASH1000,5502.703,1,0.007000000000516593,BACKFILL_AUTO
2026-04-04 09:40:58,1775295658,CRASH1000,5502.706,1,0.0029999999997016857,BACKFILL_AUTO
2026-04-04 09:40:59,1775295659,CRASH1000,5502.713,1,0.006999999999607098,BACKFILL_AUTO
2026-04-04 09:41:00,1775295660,CRASH1000,5502.72,1,0.007000000000516593,BACKFILL_AUTO
2026-04-04 09:41:01,1775295661,CRASH1000,5502.72,0,0.0,BACKFILL_AUTO
2026-04-04 09:41:02,1775295662,CRASH1000,5502.722,1,0.001999999999497959,BACKFILL_AUTO
2026-04-04 09:41:03,1775295663,CRASH1000,5502.726,1,0.0039999999999054126,BACKFILL_AUTO
2026-04-04 09:41:04,1775295664,CRASH1000,5502.731,1,0.005000000000109139,BACKFILL_AUTO
2026-04-04 09:41:05,1775295665,CRASH1000,5502.731,0,0.0,BACKFILL_AUTO
2026-04-04 09:41:06,1775295666,CRASH1000,5502.741,1,0.010000000000218279,BACKFILL_AUTO
2026-04-04 09:41:07,1775295667,CRASH1000,5502.741,0,0.0,BACKFILL_AUTO
2026-04-04 09:41:08,1775295668,CRASH1000,5502.76,1,0.01900000000023283,BACKFILL_AUTO
2026-04-04 09:41:09,1775295669,CRASH1000,5502.765,1,0.005000000000109139,BACKFILL_AUTO
2026-04-04 09:41:10,1775295670,CRASH1000,5502.771,1,0.0059999999994033715,BACKFILL_AUTO
2026-04-04 09:41:11,1775295671,CRASH1000,5502.774,1,0.0030000000006111804,BACKFILL_AUTO
2026-04-04 09:41:12,1775295672,CRASH1000,5502.778,1,0.0039999999999054126,BACKFILL_AUTO
2026-04-04 09:41:13,1775295673,CRASH1000,5502.783,1,0.005000000000109139,BACKFILL_AUTO
2026-04-04 09:41:14,1775295674,CRASH1000,5502.789,1,0.0059999999994033715,BACKFILL_AUTO
2026-04-04 09:41:15,1775295675,CRASH1000,5502.791,1,0.0020000000004074536,BACKFILL_AUTO
2026-04-04 09:41:16,1775295676,CRASH1000,5502.799,1,0.007999999999810825,BACKFILL_AUTO
2026-04-04 09:41:17,1775295677,CRASH1000,5502.803,1,0.0039999999999054126,BACKFILL_AUTO
2026-04-04 09:41:18,1775295678,CRASH1000,5502.809,1,0.006000000000312866,BACKFILL_AUTO
2026-04-04 09:41:19,1775295679,CRASH1000,5502.811,1,0.001999999999497959,BACKFILL_AUTO
2026-04-04 09:41:20,1775295680,CRASH1000,5502.817,1,0.006000000000312866,BACKFILL_AUTO
2026-04-04 09:41:21,1775295681,CRASH1000,5502.82,1,0.0029999999997016857,BACKFILL_AUTO
2026-04-04 09:41:22,1775295682,CRASH1000,5502.825,1,0.005000000000109139,BACKFILL_AUTO
2026-04-04 09:41:23,1775295683,CRASH1000,5502.833,1,0.007999999999810825,BACKFILL_AUTO
2026-04-04 09:41:24,1775295684,CRASH1000,5502.842,1,0.009000000000014552,BACKFILL_AUTO
2026-04-04 09:41:25,1775295685,CRASH1000,5502.846,1,0.0039999999999054126,BACKFILL_AUTO
2026-04-04 09:41:26,1775295686,CRASH1000,5502.854,1,0.00800000000072032,BACKFILL_AUTO
2026-04-04 09:41:27,1775295687,CRASH1000,5502.865,1,0.01099999999951251,BACKFILL_AUTO
2026-04-04 09:41:28,1775295688,CRASH1000,5502.877,1,0.012000000000625732,BACKFILL_AUTO
2026-04-04 09:41:29,1775295689,CRASH1000,5502.883,1,0.0059999999994033715,BACKFILL_AUTO
2026-04-04 09:41:30,1775295690,CRASH1000,5502.885,1,0.0020000000004074536,BACKFILL_AUTO
2026-04-04 09:41:31,1775295691,CRASH1000,5502.892,1,0.006999999999607098,BACKFILL_AUTO
2026-04-04 09:41:32,1775295692,CRASH1000,5502.899,1,0.007000000000516593,BACKFILL_AUTO
2026-04-04 09:41:33,1775295693,CRASH1000,5502.9,1,0.0009999999992942321,BACKFILL_AUTO
2026-04-04 09:41:34,1775295694,CRASH1000,5502.905,1,0.005000000000109139,BACKFILL_AUTO
2026-04-04 09:41:35,1775295695,CRASH1000,5502.911,1,0.006000000000312866,BACKFILL_AUTO
2026-04-04 09:41:36,1775295696,CRASH1000,5502.914,1,0.0029999999997016857,BACKFILL_AUTO
2026-04-04 09:41:37,1775295697,CRASH1000,5502.914,0,0.0,BACKFILL_AUTO
2026-04-04 09:41:38,1775295698,CRASH1000,5502.923,1,0.009000000000014552,BACKFILL_AUTO
2026-04-04 09:41:39,1775295699,CRASH1000,5502.928,1,0.005000000000109139,BACKFILL_AUTO
2026-04-04 09:41:40,1775295700,CRASH1000,5502.93,1,0.0020000000004074536,BACKFILL_AUTO
2026-04-04 09:41:41,1775295701,CRASH1000,5502.938,1,0.007999999999810825,BACKFILL_AUTO
2026-04-04 09:41:42,1775295702,CRASH1000,5502.954,1,0.01599999999962165,BACKFILL_AUTO
2026-04-04 09:41:43,1775295703,CRASH1000,5502.964,1,0.010000000000218279,BACKFILL_AUTO
2026-04-04 09:41:44,1775295704,CRASH1000,5502.98,1,0.01599999999962165,BACKFILL_AUTO
2026-04-04 09:41:45,1775295705,CRASH1000,5502.988,1,0.00800000000072032,BACKFILL_AUTO
2026-04-04 09:41:46,1775295706,CRASH1000,5502.99,1,0.001999999999497959,BACKFILL_AUTO
2026-04-04 09:41:47,1775295707,CRASH1000,5502.99,0,0.0,BACKFILL_AUTO
2026-04-04 09:41:48,1775295708,CRASH1000,5502.997,1,0.007000000000516593,BACKFILL_AUTO
2026-04-04 09:41:49,1775295709,CRASH1000,5503.0,1,0.0029999999997016857,BACKFILL_AUTO
2026-04-04 09:41:50,1775295710,CRASH1000,5503.002,1,0.0020000000004074536,BACKFILL_AUTO
2026-04-04 09:41:51,1775295711,CRASH1000,5503.009,1,0.006999999999607098,BACKFILL_AUTO
2026-04-04 09:41:52,1775295712,CRASH1000,5503.02,1,0.011000000000422006,BACKFILL_AUTO
2026-04-04 09:41:53,1775295713,CRASH1000,5503.021,1,0.0009999999992942321,BACKFILL_AUTO
2026-04-04 09:41:54,1775295714,CRASH1000,5503.036,1,0.015000000000327418,BACKFILL_AUTO
2026-04-04 09:41:55,1775295715,CRASH1000,5503.037,1,0.0010000000002037268,BACKFILL_AUTO
2026-04-04 09:41:56,1775295716,CRASH1000,5503.05,1,0.012999999999919964,BACKFILL_AUTO
2026-04-04 09:41:57,1775295717,CRASH1000,5503.061,1,0.01099999999951251,BACKFILL_AUTO
2026-04-04 09:41:58,1775295718,CRASH1000,5503.061,0,0.0,BACKFILL_AUTO
2026-04-04 09:41:59,1775295719,CRASH1000,5503.072,1,0.011000000000422006,BACKFILL_AUTO
2026-04-04 09:42:00,1775295720,CRASH1000,5503.077,1,0.005000000000109139,BACKFILL_AUTO
2026-04-04 09:42:01,1775295721,CRASH1000,5503.077,0,0.0,BACKFILL_AUTO
2026-04-04 09:42:02,1775295722,CRASH1000,5503.078,1,0.0010000000002037268,BACKFILL_AUTO
2026-04-04 09:42:03,1775295723,CRASH1000,5503.079,1,0.0009999999992942321,BACKFILL_AUTO
2026-04-04 09:42:04,1775295724,CRASH1000,5503.086,1,0.007000000000516593,BACKFILL_AUTO
2026-04-04 09:42:05,1775295725,CRASH1000,5503.088,1,0.001999999999497959,BACKFILL_AUTO
2026-04-04 09:42:06,1775295726,CRASH1000,5503.099,1,0.011000000000422006,BACKFILL_AUTO
2026-04-04 09:42:07,1775295727,CRASH1000,5503.102,1,0.0029999999997016857,BACKFILL_AUTO
2026-04-04 09:42:08,1775295728,CRASH1000,5503.112,1,0.010000000000218279,BACKFILL_AUTO
2026-04-04 09:42:09,1775295729,CRASH1000,5503.113,1,0.0010000000002037268,BACKFILL_AUTO
2026-04-04 09:42:10,1775295730,CRASH1000,5503.12,1,0.006999999999607098,BACKFILL_AUTO
2026-04-04 09:42:11,1775295731,CRASH1000,5503.13,1,0.010000000000218279,BACKFILL_AUTO
2026-04-04 09:42:12,1775295732,CRASH1000,5503.136,1,0.006000000000312866,BACKFILL_AUTO
2026-04-04 09:42:13,1775295733,CRASH1000,5503.139,1,0.0029999999997016857,BACKFILL_AUTO
2026-04-04 09:42:14,1775295734,CRASH1000,5503.144,1,0.005000000000109139,BACKFILL_AUTO
2026-04-04 09:42:15,1775295735,CRASH1000,5503.144,0,0.0,BACKFILL_AUTO
2026-04-04 09:42:16,1775295736,CRASH1000,5503.15,1,0.0059999999994033715,BACKFILL_AUTO
2026-04-04 09:42:17,1775295737,CRASH1000,5503.158,1,0.00800000000072032,BACKFILL_AUTO
2026-04-04 09:42:18,1775295738,CRASH1000,5503.17,1,0.011999999999716238,BACKFILL_AUTO
2026-04-04 09:42:19,1775295739,CRASH1000,5503.179,1,0.009000000000014552,BACKFILL_AUTO
2026-04-04 09:42:20,1775295740,CRASH1000,5503.187,1,0.007999999999810825,BACKFILL_AUTO
2026-04-04 09:42:21,1775295741,CRASH1000,5503.187,0,0.0,BACKFILL_AUTO
2026-04-04 09:42:22,1775295742,CRASH1000,5503.192,1,0.005000000000109139,BACKFILL_AUTO
2026-04-04 09:42:23,1775295743,CRASH1000,5503.2,1,0.007999999999810825,BACKFILL_AUTO
2026-04-04 09:42:24,1775295744,CRASH1000,5503.202,1,0.0020000000004074536,BACKFILL_AUTO
2026-04-04 09:42:25,1775295745,CRASH1000,5503.212,1,0.010000000000218279,BACKFILL_AUTO
2026-04-04 09:42:26,1775295746,CRASH1000,5503.217,1,0.004999999999199645,BACKFILL_AUTO
2026-04-04 09:42:27,1775295747,CRASH1000,5503.226,1,0.009000000000014552,BACKFILL_AUTO
2026-04-04 09:42:28,1775295748,CRASH1000,5503.227,1,0.0010000000002037268,BACKFILL_AUTO
2026-04-04 09:42:29,1775295749,CRASH1000,5503.228,1,0.0010000000002037268,BACKFILL_AUTO
2026-04-04 09:42:30,1775295750,CRASH1000,5503.229,1,0.0010000000002037268,BACKFILL_AUTO
2026-04-04 09:42:31,1775295751,CRASH1000,5503.232,1,0.0029999999997016857,BACKFILL_AUTO
2026-04-04 09:42:32,1775295752,CRASH1000,5503.232,0,0.0,BACKFILL_AUTO
2026-04-04 09:42:33,1775295753,CRASH1000,5503.238,1,0.006000000000312866,BACKFILL_AUTO
2026-04-04 09:42:34,1775295754,CRASH1000,5503.25,1,0.011999999999716238,BACKFILL_AUTO
2026-04-04 09:42:35,1775295755,CRASH1000,5503.255,1,0.005000000000109139,BACKFILL_AUTO
2026-04-04 09:42:36,1775295756,CRASH1000,5503.265,1,0.010000000000218279,BACKFILL_AUTO
2026-04-04 09:42:37,1775295757,CRASH1000,5503.266,1,0.0009999999992942321,BACKFILL_AUTO
2026-04-04 09:42:38,1775295758,CRASH1000,5503.27,1,0.004000000000814907,BACKFILL_AUTO
2026-04-04 09:42:39,1775295759,CRASH1000,5503.274,1,0.0039999999999054126,BACKFILL_AUTO
2026-04-04 09:42:40,1775295760,CRASH1000,5503.284,1,0.009999999999308784,BACKFILL_AUTO
2026-04-04 09:42:41,1775295761,CRASH1000,5503.286,1,0.0020000000004074536,BACKFILL_AUTO
2026-04-04 09:42:42,1775295762,CRASH1000,5503.29,1,0.0039999999999054126,BACKFILL_AUTO
2026-04-04 09:42:43,1775295763,CRASH1000,5503.295,1,0.005000000000109139,BACKFILL_AUTO
2026-04-04 09:42:44,1775295764,CRASH1000,5503.306,1,0.01099999999951251,BACKFILL_AUTO
2026-04-04 09:42:45,1775295765,CRASH1000,5503.308,1,0.0020000000004074536,BACKFILL_AUTO
2026-04-04 09:42:46,1775295766,CRASH1000,5503.314,1,0.006000000000312866,BACKFILL_AUTO
2026-04-04 09:42:47,1775295767,CRASH1000,5503.319,1,0.005000000000109139,BACKFILL_AUTO
2026-04-04 09:42:48,1775295768,CRASH1000,5503.319,0,0.0,BACKFILL_AUTO
2026-04-04 09:42:49,1775295769,CRASH1000,5503.33,1,0.01099999999951251,BACKFILL_AUTO
2026-04-04 09:42:50,1775295770,CRASH1000,5503.334,1,0.0039999999999054126,BACKFILL_AUTO
2026-04-04 09:42:51,1775295771,CRASH1000,5503.335,1,0.0010000000002037268,BACKFILL_AUTO
2026-04-04 09:42:52,1775295772,CRASH1000,5503.337,1,0.0020000000004074536,BACKFILL_AUTO
2026-04-04 09:42:53,1775295773,CRASH1000,5503.342,1,0.004999999999199645,BACKFILL_AUTO
2026-04-04 09:42:54,1775295774,CRASH1000,5503.348,1,0.006000000000312866,BACKFILL_AUTO
2026-04-04 09:42:55,1775295775,CRASH1000,5503.354,1,0.006000000000312866,BACKFILL_AUTO
2026-04-04 09:42:56,1775295776,CRASH1000,5503.357,1,0.0029999999997016857,BACKFILL_AUTO
2026-04-04 09:42:57,1775295777,CRASH1000,5503.367,1,0.010000000000218279,BACKFILL_AUTO
2026-04-04 09:42:58,1775295778,CRASH1000,5503.371,1,0.0039999999999054126,BACKFILL_AUTO
2026-04-04 09:42:59,1775295779,CRASH1000,5503.371,0,0.0,BACKFILL_AUTO
2026-04-04 09:43:00,1775295780,CRASH1000,5503.373,1,0.001999999999497959,BACKFILL_AUTO
2026-04-04 09:43:01,1775295781,CRASH1000,5503.374,1,0.0010000000002037268,BACKFILL_AUTO
2026-04-04 09:43:02,1775295782,CRASH1000,5503.376,1,0.0020000000004074536,BACKFILL_AUTO
2026-04-04 09:43:03,1775295783,CRASH1000,5503.376,0,0.0,BACKFILL_AUTO
2026-04-04 09:43:04,1775295784,CRASH1000,5503.381,1,0.005000000000109139,BACKFILL_AUTO
2026-04-04 09:43:05,1775295785,CRASH1000,5503.384,1,0.0029999999997016857,BACKFILL_AUTO
2026-04-04 09:43:06,1775295786,CRASH1000,5503.385,1,0.0010000000002037268,BACKFILL_AUTO
2026-04-04 09:43:07,1775295787,CRASH1000,5503.386,1,0.0010000000002037268,BACKFILL_AUTO
2026-04-04 09:43:08,1775295788,CRASH1000,5503.393,1,0.006999999999607098,BACKFILL_AUTO
2026-04-04 09:43:09,1775295789,CRASH1000,5503.398,1,0.005000000000109139,BACKFILL_AUTO
2026-04-04 09:43:10,1775295790,CRASH1000,5503.403,1,0.005000000000109139,BACKFILL_AUTO
2026-04-04 09:43:11,1775295791,CRASH1000,5503.413,1,0.009999999999308784,BACKFILL_AUTO
2026-04-04 09:43:12,1775295792,CRASH1000,5503.414,1,0.0010000000002037268,BACKFILL_AUTO
2026-04-04 09:43:13,1775295793,CRASH1000,5503.423,1,0.009000000000014552,BACKFILL_AUTO
2026-04-04 09:43:14,1775295794,CRASH1000,5503.424,1,0.0010000000002037268,BACKFILL_AUTO
2026-04-04 09:43:15,1775295795,CRASH1000,5503.44,1,0.01599999999962165,BACKFILL_AUTO
2026-04-04 09:43:16,1775295796,CRASH1000,5503.443,1,0.0030000000006111804,BACKFILL_AUTO
2026-04-04 09:43:17,1775295797,CRASH1000,5503.446,1,0.0029999999997016857,BACKFILL_AUTO
2026-04-04 09:43:18,1775295798,CRASH1000,5503.453,1,0.007000000000516593,BACKFILL_AUTO
2026-04-04 09:43:19,1775295799,CRASH1000,5503.456,1,0.0029999999997016857,BACKFILL_AUTO
2026-04-04 09:43:20,1775295800,CRASH1000,5503.458,1,0.001999999999497959,BACKFILL_AUTO
2026-04-04 09:43:21,1775295801,CRASH1000,5503.465,1,0.007000000000516593,BACKFILL_AUTO
2026-04-04 09:43:22,1775295802,CRASH1000,5503.466,1,0.0010000000002037268,BACKFILL_AUTO
2026-04-04 09:43:23,1775295803,CRASH1000,5503.467,1,0.0009999999992942321,BACKFILL_AUTO
2026-04-04 09:43:24,1775295804,CRASH1000,5503.471,1,0.0039999999999054126,BACKFILL_AUTO
2026-04-04 09:43:25,1775295805,CRASH1000,5503.475,1,0.004000000000814907,BACKFILL_AUTO
2026-04-04 09:43:26,1775295806,CRASH1000,5503.482,1,0.006999999999607098,BACKFILL_AUTO
2026-04-04 09:43:27,1775295807,CRASH1000,5503.492,1,0.010000000000218279,BACKFILL_AUTO
2026-04-04 09:43:28,1775295808,CRASH1000,5503.501,1,0.009000000000014552,BACKFILL_AUTO
2026-04-04 09:43:29,1775295809,CRASH1000,5503.502,1,0.0010000000002037268,BACKFILL_AUTO
2026-04-04 09:43:30,1775295810,CRASH1000,5503.522,1,0.019999999999527063,BACKFILL_AUTO
2026-04-04 09:43:31,1775295811,CRASH1000,5503.524,1,0.0020000000004074536,BACKFILL_AUTO
2026-04-04 09:43:32,1775295812,CRASH1000,5503.532,1,0.007999999999810825,BACKFILL_AUTO
2026-04-04 09:43:33,1775295813,CRASH1000,5503.544,1,0.011999999999716238,BACKFILL_AUTO
2026-04-04 09:43:34,1775295814,CRASH1000,5503.554,1,0.010000000000218279,BACKFILL_AUTO
2026-04-04 09:43:35,1775295815,CRASH1000,5503.561,1,0.006999999999607098,BACKFILL_AUTO
2026-04-04 09:43:36,1775295816,CRASH1000,5503.568,1,0.007000000000516593,BACKFILL_AUTO
2026-04-04 09:43:37,1775295817,CRASH1000,5503.575,1,0.006999999999607098,BACKFILL_AUTO
2026-04-04 09:43:38,1775295818,CRASH1000,5503.576,1,0.0010000000002037268,BACKFILL_AUTO
2026-04-04 09:43:39,1775295819,CRASH1000,5503.58,1,0.0039999999999054126,BACKFILL_AUTO
2026-04-04 09:43:40,1775295820,CRASH1000,5503.582,1,0.0020000000004074536,BACKFILL_AUTO
2026-04-04 09:43:41,1775295821,CRASH1000,5503.584,1,0.001999999999497959,BACKFILL_AUTO
2026-04-04 09:43:42,1775295822,CRASH1000,5503.59,1,0.006000000000312866,BACKFILL_AUTO
2026-04-04 09:43:43,1775295823,CRASH1000,5503.59,0,0.0,BACKFILL_AUTO
2026-04-04 09:43:44,1775295824,CRASH1000,5503.599,1,0.009000000000014552,BACKFILL_AUTO
2026-04-04 09:43:45,1775295825,CRASH1000,5503.6,1,0.0010000000002037268,BACKFILL_AUTO
2026-04-04 09:43:46,1775295826,CRASH1000,5503.609,1,0.009000000000014552,BACKFILL_AUTO
2026-04-04 09:43:47,1775295827,CRASH1000,5503.613,1,0.0039999999999054126,BACKFILL_AUTO
2026-04-04 09:43:48,1775295828,CRASH1000,5503.619,1,0.0059999999994033715,BACKFILL_AUTO
2026-04-04 09:43:49,1775295829,CRASH1000,5503.625,1,0.006000000000312866,BACKFILL_AUTO
2026-04-04 09:43:50,1775295830,CRASH1000,5503.627,1,0.0020000000004074536,BACKFILL_AUTO
2026-04-04 09:43:51,1775295831,CRASH1000,5503.635,1,0.007999999999810825,BACKFILL_AUTO
2026-04-04 09:43:52,1775295832,CRASH1000,5503.641,1,0.0059999999994033715,BACKFILL_AUTO
2026-04-04 09:43:53,1775295833,CRASH1000,5503.649,1,0.00800000000072032,BACKFILL_AUTO
2026-04-04 09:43:54,1775295834,CRASH1000,5503.663,1,0.013999999999214197,BACKFILL_AUTO
2026-04-04 09:43:55,1775295835,CRASH1000,5503.666,1,0.0030000000006111804,BACKFILL_AUTO
2026-04-04 09:43:56,1775295836,CRASH1000,5503.668,1,0.001999999999497959,BACKFILL_AUTO
2026-04-04 09:43:57,1775295837,CRASH1000,5503.668,0,0.0,BACKFILL_AUTO
2026-04-04 09:43:58,1775295838,CRASH1000,5503.671,1,0.0030000000006111804,BACKFILL_AUTO
2026-04-04 09:43:59,1775295839,CRASH1000,5503.676,1,0.005000000000109139,BACKFILL_AUTO
2026-04-04 09:44:00,1775295840,CRASH1000,5503.684,1,0.007999999999810825,BACKFILL_AUTO
2026-04-04 09:44:01,1775295841,CRASH1000,5503.687,1,0.0029999999997016857,BACKFILL_AUTO
2026-04-04 09:44:02,1775295842,CRASH1000,5503.694,1,0.007000000000516593,BACKFILL_AUTO
2026-04-04 09:44:03,1775295843,CRASH1000,5503.703,1,0.009000000000014552,BACKFILL_AUTO
2026-04-04 09:44:04,1775295844,CRASH1000,5503.706,1,0.0029999999997016857,BACKFILL_AUTO
2026-04-04 09:44:05,1775295845,CRASH1000,5503.717,1,0.01099999999951251,BACKFILL_AUTO
2026-04-04 09:44:06,1775295846,CRASH1000,5503.72,1,0.0030000000006111804,BACKFILL_AUTO
2026-04-04 09:44:07,1775295847,CRASH1000,5503.728,1,0.007999999999810825,BACKFILL_AUTO
2026-04-04 09:44:08,1775295848,CRASH1000,5503.73,1,0.001999999999497959,BACKFILL_AUTO
2026-04-04 09:44:09,1775295849,CRASH1000,5503.734,1,0.004000000000814907,BACKFILL_AUTO
2026-04-04 09:44:10,1775295850,CRASH1000,5503.74,1,0.0059999999994033715,BACKFILL_AUTO
2026-04-04 09:44:11,1775295851,CRASH1000,5503.742,1,0.0020000000004074536,BACKFILL_AUTO
2026-04-04 09:44:12,1775295852,CRASH1000,5503.745,1,0.0029999999997016857,BACKFILL_AUTO
2026-04-04 09:44:13,1775295853,CRASH1000,5503.75,1,0.005000000000109139,BACKFILL_AUTO
2026-04-04 09:44:14,1775295854,CRASH1000,5503.758,1,0.007999999999810825,BACKFILL_AUTO
2026-04-04 09:44:15,1775295855,CRASH1000,5503.77,1,0.012000000000625732,BACKFILL_AUTO
2026-04-04 09:44:16,1775295856,CRASH1000,5503.77,0,0.0,BACKFILL_AUTO
2026-04-04 09:44:17,1775295857,CRASH1000,5503.781,1,0.01099999999951251,BACKFILL_AUTO
2026-04-04 09:44:18,1775295858,CRASH1000,5503.783,1,0.0020000000004074536,BACKFILL_AUTO
2026-04-04 09:44:19,1775295859,CRASH1000,5503.793,1,0.009999999999308784,BACKFILL_AUTO
2026-04-04 09:44:20,1775295860,CRASH1000,5503.802,1,0.009000000000014552,BACKFILL_AUTO
2026-04-04 09:44:21,1775295861,CRASH1000,5503.808,1,0.006000000000312866,BACKFILL_AUTO
2026-04-04 09:44:22,1775295862,CRASH1000,5503.811,1,0.0029999999997016857,BACKFILL_AUTO
2026-04-04 09:44:23,1775295863,CRASH1000,5503.812,1,0.0010000000002037268,BACKFILL_AUTO
2026-04-04 09:44:24,1775295864,CRASH1000,5503.816,1,0.0039999999999054126,BACKFILL_AUTO
2026-04-04 09:44:25,1775295865,CRASH1000,5503.817,1,0.0010000000002037268,BACKFILL_AUTO
2026-04-04 09:44:26,1775295866,CRASH1000,5503.817,0,0.0,BACKFILL_AUTO
2026-04-04 09:44:27,1775295867,CRASH1000,5503.82,1,0.0029999999997016857,BACKFILL_AUTO
2026-04-04 09:44:28,1775295868,CRASH1000,5503.829,1,0.009000000000014552,BACKFILL_AUTO
2026-04-04 09:44:29,1775295869,CRASH1000,5503.831,1,0.0020000000004074536,BACKFILL_AUTO
2026-04-04 09:44:30,1775295870,CRASH1000,5503.831,0,0.0,BACKFILL_AUTO
2026-04-04 09:44:31,1775295871,CRASH1000,5503.843,1,0.011999999999716238,BACKFILL_AUTO
2026-04-04 09:44:32,1775295872,CRASH1000,5503.847,1,0.0039999999999054126,BACKFILL_AUTO
2026-04-04 09:44:33,1775295873,CRASH1000,5503.85,1,0.0030000000006111804,BACKFILL_AUTO
2026-04-04 09:44:34,1775295874,CRASH1000,5503.859,1,0.009000000000014552,BACKFILL_AUTO
2026-04-04 09:44:35,1775295875,CRASH1000,5503.871,1,0.011999999999716238,BACKFILL_AUTO
2026-04-04 09:44:36,1775295876,CRASH1000,5503.873,1,0.001999999999497959,BACKFILL_AUTO
2026-04-04 09:44:37,1775295877,CRASH1000,5503.875,1,0.0020000000004074536,BACKFILL_AUTO
2026-04-04 09:44:38,1775295878,CRASH1000,5503.877,1,0.0020000000004074536,BACKFILL_AUTO
2026-04-04 09:44:39,1775295879,CRASH1000,5503.889,1,0.011999999999716238,BACKFILL_AUTO
2026-04-04 09:44:40,1775295880,CRASH1000,5503.898,1,0.009000000000014552,BACKFILL_AUTO
2026-04-04 09:44:41,1775295881,CRASH1000,5503.9,1,0.001999999999497959,BACKFILL_AUTO
2026-04-04 09:44:42,1775295882,CRASH1000,5503.907,1,0.007000000000516593,BACKFILL_AUTO
2026-04-04 09:44:43,1775295883,CRASH1000,5503.916,1,0.009000000000014552,BACKFILL_AUTO
2026-04-04 09:44:44,1775295884,CRASH1000,5503.924,1,0.007999999999810825,BACKFILL_AUTO
2026-04-04 09:44:45,1775295885,CRASH1000,5503.929,1,0.005000000000109139,BACKFILL_AUTO
2026-04-04 09:44:46,1775295886,CRASH1000,5503.937,1,0.007999999999810825,BACKFILL_AUTO
2026-04-04 09:44:47,1775295887,CRASH1000,5503.938,1,0.0010000000002037268,BACKFILL_AUTO
2026-04-04 09:44:48,1775295888,CRASH1000,5503.942,1,0.0039999999999054126,BACKFILL_AUTO
2026-04-04 09:44:49,1775295889,CRASH1000,5503.943,1,0.0010000000002037268,BACKFILL_AUTO
2026-04-04 09:44:50,1775295890,CRASH1000,5503.955,1,0.011999999999716238,BACKFILL_AUTO
2026-04-04 09:44:51,1775295891,CRASH1000,5503.957,1,0.0020000000004074536,BACKFILL_AUTO
2026-04-04 09:44:52,1775295892,CRASH1000,5503.964,1,0.006999999999607098,BACKFILL_AUTO
2026-04-04 09:44:53,1775295893,CRASH1000,5503.965,1,0.0010000000002037268,BACKFILL_AUTO
2026-04-04 09:44:54,1775295894,CRASH1000,5503.974,1,0.009000000000014552,BACKFILL_AUTO
2026-04-04 09:44:55,1775295895,CRASH1000,5503.978,1,0.0039999999999054126,BACKFILL_AUTO
2026-04-04 09:44:56,1775295896,CRASH1000,5503.983,1,0.005000000000109139,BACKFILL_AUTO
2026-04-04 09:44:57,1775295897,CRASH1000,5503.992,1,0.009000000000014552,BACKFILL_AUTO
2026-04-04 09:44:58,1775295898,CRASH1000,5503.993,1,0.0010000000002037268,BACKFILL_AUTO
2026-04-04 09:44:59,1775295899,CRASH1000,5503.998,1,0.004999999999199645,BACKFILL_AUTO
2026-04-04 09:45:00,1775295900,CRASH1000,5504.0,1,0.0020000000004074536,BACKFILL_AUTO
2026-04-04 09:45:01,1775295901,CRASH1000,5504.003,1,0.0029999999997016857,BACKFILL_AUTO
2026-04-04 09:45:02,1775295902,CRASH1000,5504.003,0,0.0,BACKFILL_AUTO
2026-04-04 09:45:03,1775295903,CRASH1000,5504.01,1,0.007000000000516593,BACKFILL_AUTO
2026-04-04 09:45:04,1775295904,CRASH1000,5504.012,1,0.001999999999497959,BACKFILL_AUTO
2026-04-04 09:45:05,1775295905,CRASH1000,5504.02,1,0.00800000000072032,BACKFILL_AUTO
2026-04-04 09:45:06,1775295906,CRASH1000,5504.027,1,0.006999999999607098,BACKFILL_AUTO
2026-04-04 09:45:07,1775295907,CRASH1000,5504.034,1,0.006999999999607098,BACKFILL_AUTO
2026-04-04 09:45:08,1775295908,CRASH1000,5504.039,1,0.005000000000109139,BACKFILL_AUTO
2026-04-04 09:45:09,1775295909,CRASH1000,5504.05,1,0.011000000000422006,BACKFILL_AUTO
2026-04-04 09:45:10,1775295910,CRASH1000,5504.056,1,0.0059999999994033715,BACKFILL_AUTO
2026-04-04 09:45:11,1775295911,CRASH1000,5504.067,1,0.011000000000422006,BACKFILL_AUTO
2026-04-04 09:45:12,1775295912,CRASH1000,5504.074,1,0.006999999999607098,BACKFILL_AUTO
2026-04-04 09:45:13,1775295913,CRASH1000,5504.074,0,0.0,BACKFILL_AUTO
2026-04-04 09:45:14,1775295914,CRASH1000,5504.075,1,0.0010000000002037268,BACKFILL_AUTO
2026-04-04 09:45:15,1775295915,CRASH1000,5504.079,1,0.0039999999999054126,BACKFILL_AUTO
2026-04-04 09:45:16,1775295916,CRASH1000,5504.084,1,0.005000000000109139,BACKFILL_AUTO
2026-04-04 09:45:17,1775295917,CRASH1000,5504.087,1,0.0030000000006111804,BACKFILL_AUTO
2026-04-04 09:45:18,1775295918,CRASH1000,5504.09,1,0.0029999999997016857,BACKFILL_AUTO
2026-04-04 09:45:19,1775295919,CRASH1000,5504.095,1,0.005000000000109139,BACKFILL_AUTO
2026-04-04 09:45:20,1775295920,CRASH1000,5504.095,0,0.0,BACKFILL_AUTO
2026-04-04 09:45:21,1775295921,CRASH1000,5504.105,1,0.009999999999308784,BACKFILL_AUTO
2026-04-04 09:45:22,1775295922,CRASH1000,5504.11,1,0.005000000000109139,BACKFILL_AUTO
2026-04-04 09:45:23,1775295923,CRASH1000,5504.114,1,0.0039999999999054126,BACKFILL_AUTO
2026-04-04 09:45:24,1775295924,CRASH1000,5504.123,1,0.009000000000014552,BACKFILL_AUTO
2026-04-04 09:45:25,1775295925,CRASH1000,5504.128,1,0.005000000000109139,BACKFILL_AUTO
2026-04-04 09:45:26,1775295926,CRASH1000,5504.136,1,0.00800000000072032,BACKFILL_AUTO
2026-04-04 09:45:27,1775295927,CRASH1000,5504.137,1,0.0009999999992942321,BACKFILL_AUTO
2026-04-04 09:45:28,1775295928,CRASH1000,5504.15,1,0.012999999999919964,BACKFILL_AUTO
2026-04-04 09:45:29,1775295929,CRASH1000,5504.16,1,0.010000000000218279,BACKFILL_AUTO
2026-04-04 09:45:30,1775295930,CRASH1000,5504.166,1,0.006000000000312866,BACKFILL_AUTO
2026-04-04 09:45:31,1775295931,CRASH1000,5504.179,1,0.012999999999919964,BACKFILL_AUTO
2026-04-04 09:45:32,1775295932,CRASH1000,5504.186,1,0.006999999999607098,BACKFILL_AUTO
2026-04-04 09:45:33,1775295933,CRASH1000,5504.188,1,0.0020000000004074536,BACKFILL_AUTO
2026-04-04 09:45:34,1775295934,CRASH1000,5504.194,1,0.006000000000312866,BACKFILL_AUTO
2026-04-04 09:45:35,1775295935,CRASH1000,5504.198,1,0.0039999999999054126,BACKFILL_AUTO
2026-04-04 09:45:36,1775295936,CRASH1000,5504.199,1,0.0009999999992942321,BACKFILL_AUTO
2026-04-04 09:45:37,1775295937,CRASH1000,5504.208,1,0.009000000000014552,BACKFILL_AUTO
2026-04-04 09:45:38,1775295938,CRASH1000,5504.218,1,0.010000000000218279,BACKFILL_AUTO
2026-04-04 09:45:39,1775295939,CRASH1000,5504.227,1,0.009000000000014552,BACKFILL_AUTO
2026-04-04 09:45:40,1775295940,CRASH1000,5504.234,1,0.007000000000516593,BACKFILL_AUTO
2026-04-04 09:45:41,1775295941,CRASH1000,5504.236,1,0.001999999999497959,BACKFILL_AUTO
2026-04-04 09:45:42,1775295942,CRASH1000,5504.247,1,0.011000000000422006,BACKFILL_AUTO
2026-04-04 09:45:43,1775295943,CRASH1000,5504.256,1,0.009000000000014552,BACKFILL_AUTO
2026-04-04 09:45:44,1775295944,CRASH1000,5504.268,1,0.011999999999716238,BACKFILL_AUTO
2026-04-04 09:45:45,1775295945,CRASH1000,5504.269,1,0.0010000000002037268,BACKFILL_AUTO
2026-04-04 09:45:46,1775295946,CRASH1000,5504.278,1,0.009000000000014552,BACKFILL_AUTO
2026-04-04 09:45:47,1775295947,CRASH1000,5504.279,1,0.0010000000002037268,BACKFILL_AUTO
2026-04-04 09:45:48,1775295948,CRASH1000,5504.28,1,0.0009999999992942321,BACKFILL_AUTO
2026-04-04 09:45:49,1775295949,CRASH1000,5504.281,1,0.0010000000002037268,BACKFILL_AUTO
2026-04-04 09:45:50,1775295950,CRASH1000,5504.285,1,0.0039999999999054126,BACKFILL_AUTO
2026-04-04 09:45:51,1775295951,CRASH1000,5504.294,1,0.009000000000014552,BACKFILL_AUTO
2026-04-04 09:45:52,1775295952,CRASH1000,5504.304,1,0.010000000000218279,BACKFILL_AUTO
2026-04-04 09:45:53,1775295953,CRASH1000,5504.312,1,0.007999999999810825,BACKFILL_AUTO
2026-04-04 09:45:54,1775295954,CRASH1000,5504.313,1,0.0010000000002037268,BACKFILL_AUTO
2026-04-04 09:45:55,1775295955,CRASH1000,5504.325,1,0.011999999999716238,BACKFILL_AUTO
2026-04-04 09:45:56,1775295956,CRASH1000,5504.334,1,0.009000000000014552,BACKFILL_AUTO
2026-04-04 09:45:57,1775295957,CRASH1000,5504.338,1,0.0039999999999054126,BACKFILL_AUTO
2026-04-04 09:45:58,1775295958,CRASH1000,5504.348,1,0.010000000000218279,BACKFILL_AUTO
2026-04-04 09:45:59,1775295959,CRASH1000,5504.35,1,0.0020000000004074536,BACKFILL_AUTO
2026-04-04 09:46:00,1775295960,CRASH1000,5504.354,1,0.0039999999999054126,BACKFILL_AUTO
2026-04-04 09:46:01,1775295961,CRASH1000,5504.361,1,0.006999999999607098,BACKFILL_AUTO
2026-04-04 09:46:02,1775295962,CRASH1000,5504.369,1,0.007999999999810825,BACKFILL_AUTO
2026-04-04 09:46:03,1775295963,CRASH1000,5504.374,1,0.005000000000109139,BACKFILL_AUTO
2026-04-04 09:46:04,1775295964,CRASH1000,5504.381,1,0.007000000000516593,BACKFILL_AUTO
2026-04-04 09:46:05,1775295965,CRASH1000,5504.385,1,0.0039999999999054126,BACKFILL_AUTO
2026-04-04 09:46:06,1775295966,CRASH1000,5504.386,1,0.0010000000002037268,BACKFILL_AUTO
2026-04-04 09:46:07,1775295967,CRASH1000,5504.388,1,0.001999999999497959,BACKFILL_AUTO
2026-04-04 09:46:08,1775295968,CRASH1000,5504.393,1,0.005000000000109139,BACKFILL_AUTO
2026-04-04 09:46:09,1775295969,CRASH1000,5504.396,1,0.0029999999997016857,BACKFILL_AUTO
2026-04-04 09:46:10,1775295970,CRASH1000,5504.406,1,0.010000000000218279,BACKFILL_AUTO
2026-04-04 09:46:11,1775295971,CRASH1000,5504.407,1,0.0010000000002037268,BACKFILL_AUTO
2026-04-04 09:46:12,1775295972,CRASH1000,5504.407,0,0.0,BACKFILL_AUTO
2026-04-04 09:46:13,1775295973,CRASH1000,5504.416,1,0.009000000000014552,BACKFILL_AUTO
2026-04-04 09:46:14,1775295974,CRASH1000,5504.419,1,0.0029999999997016857,BACKFILL_AUTO
2026-04-04 09:46:15,1775295975,CRASH1000,5504.423,1,0.0039999999999054126,BACKFILL_AUTO
2026-04-04 09:46:16,1775295976,CRASH1000,5504.425,1,0.0020000000004074536,BACKFILL_AUTO
2026-04-04 09:46:17,1775295977,CRASH1000,5504.427,1,0.001999999999497959,BACKFILL_AUTO
2026-04-04 09:46:18,1775295978,CRASH1000,5504.438,1,0.011000000000422006,BACKFILL_AUTO
2026-04-04 09:46:19,1775295979,CRASH1000,5504.438,0,0.0,BACKFILL_AUTO
2026-04-04 09:46:20,1775295980,CRASH1000,5504.44,1,0.001999999999497959,BACKFILL_AUTO
2026-04-04 09:46:21,1775295981,CRASH1000,5504.445,1,0.005000000000109139,BACKFILL_AUTO
2026-04-04 09:46:22,1775295982,CRASH1000,5504.447,1,0.0020000000004074536,BACKFILL_AUTO
2026-04-04 09:46:23,1775295983,CRASH1000,5504.453,1,0.006000000000312866,BACKFILL_AUTO
2026-04-04 09:46:24,1775295984,CRASH1000,5504.465,1,0.011999999999716238,BACKFILL_AUTO
2026-04-04 09:46:25,1775295985,CRASH1000,5504.48,1,0.014999999999417923,BACKFILL_AUTO
2026-04-04 09:46:26,1775295986,CRASH1000,5504.488,1,0.00800000000072032,BACKFILL_AUTO
2026-04-04 09:46:27,1775295987,CRASH1000,5504.493,1,0.005000000000109139,BACKFILL_AUTO
2026-04-04 09:46:28,1775295988,CRASH1000,5504.5,1,0.006999999999607098,BACKFILL_AUTO
2026-04-04 09:46:29,1775295989,CRASH1000,5504.506,1,0.006000000000312866,BACKFILL_AUTO
2026-04-04 09:46:30,1775295990,CRASH1000,5504.51,1,0.0039999999999054126,BACKFILL_AUTO
2026-04-04 09:46:31,1775295991,CRASH1000,5504.512,1,0.001999999999497959,BACKFILL_AUTO
2026-04-04 09:46:32,1775295992,CRASH1000,5504.513,1,0.0010000000002037268,BACKFILL_AUTO
2026-04-04 09:46:33,1775295993,CRASH1000,5504.514,1,0.0010000000002037268,BACKFILL_AUTO
2026-04-04 09:46:34,1775295994,CRASH1000,5504.516,1,0.001999999999497959,BACKFILL_AUTO
2026-04-04 09:46:35,1775295995,CRASH1000,5504.518,1,0.0020000000004074536,BACKFILL_AUTO
2026-04-04 09:46:36,1775295996,CRASH1000,5504.521,1,0.0029999999997016857,BACKFILL_AUTO
2026-04-04 09:46:37,1775295997,CRASH1000,5504.532,1,0.011000000000422006,BACKFILL_AUTO
2026-04-04 09:46:38,1775295998,CRASH1000,5504.535,1,0.0029999999997016857,BACKFILL_AUTO
2026-04-04 09:46:39,1775295999,CRASH1000,5504.543,1,0.007999999999810825,BACKFILL_AUTO
2026-04-04 09:46:40,1775296000,CRASH1000,5504.553,1,0.010000000000218279,BACKFILL_AUTO
2026-04-04 09:46:41,1775296001,CRASH1000,5504.558,1,0.005000000000109139,BACKFILL_AUTO
2026-04-04 09:46:42,1775296002,CRASH1000,5504.567,1,0.009000000000014552,BACKFILL_AUTO
2026-04-04 09:46:43,1775296003,CRASH1000,5504.57,1,0.0029999999997016857,BACKFILL_AUTO
2026-04-04 09:46:44,1775296004,CRASH1000,5504.573,1,0.0030000000006111804,BACKFILL_AUTO
2026-04-04 09:46:45,1775296005,CRASH1000,5504.584,1,0.01099999999951251,BACKFILL_AUTO
2026-04-04 09:46:46,1775296006,CRASH1000,5504.591,1,0.007000000000516593,BACKFILL_AUTO
2026-04-04 09:46:47,1775296007,CRASH1000,5504.592,1,0.0009999999992942321,BACKFILL_AUTO
2026-04-04 09:46:48,1775296008,CRASH1000,5504.597,1,0.005000000000109139,BACKFILL_AUTO
2026-04-04 09:46:49,1775296009,CRASH1000,5504.603,1,0.006000000000312866,BACKFILL_AUTO
2026-04-04 09:46:50,1775296010,CRASH1000,5504.609,1,0.006000000000312866,BACKFILL_AUTO
2026-04-04 09:46:51,1775296011,CRASH1000,5504.615,1,0.0059999999994033715,BACKFILL_AUTO
2026-04-04 09:46:52,1775296012,CRASH1000,5504.621,1,0.006000000000312866,BACKFILL_AUTO
