timestamp,unix_time,instrument,price,direction,tick_size,session_id
2026-04-05 08:30:50,1775377850,CRASH900,20772.228,0,,BACKFILL_AUTO
2026-04-05 08:30:51,1775377851,CRASH900,20772.262,1,0.033999999999650754,BACKFILL_AUTO
2026-04-05 08:30:52,1775377852,CRASH900,20772.263,1,0.0010000000002037268,BACKFILL_AUTO
2026-04-05 08:30:53,1775377853,CRASH900,20772.303,1,0.040000000000873115,BACKFILL_AUTO
2026-04-05 08:30:54,1775377854,CRASH900,20772.308,1,0.005000000001018634,BACKFILL_AUTO
2026-04-05 08:30:55,1775377855,CRASH900,20772.346,1,0.03800000000046566,BACKFILL_AUTO
2026-04-05 08:30:56,1775377856,CRASH900,20772.355,1,0.008999999998195563,BACKFILL_AUTO
2026-04-05 08:30:57,1775377857,CRASH900,20772.361,1,0.006000000001222361,BACKFILL_AUTO
2026-04-05 08:30:58,1775377858,CRASH900,20772.364,1,0.0030000000006111804,BACKFILL_AUTO
2026-04-05 08:30:59,1775377859,CRASH900,20772.365,1,0.0010000000002037268,BACKFILL_AUTO
2026-04-05 08:31:00,1775377860,CRASH900,20772.397,1,0.0319999999992433,BACKFILL_AUTO
2026-04-05 08:31:01,1775377861,CRASH900,20772.434,1,0.037000000000261934,BACKFILL_AUTO
2026-04-05 08:31:02,1775377862,CRASH900,20772.483,1,0.04899999999906868,BACKFILL_AUTO
2026-04-05 08:31:03,1775377863,CRASH900,20772.512,1,0.02899999999863212,BACKFILL_AUTO
2026-04-05 08:31:04,1775377864,CRASH900,20772.555,1,0.043000000001484295,BACKFILL_AUTO
2026-04-05 08:31:05,1775377865,CRASH900,20772.56,1,0.005000000001018634,BACKFILL_AUTO
2026-04-05 08:31:06,1775377866,CRASH900,20772.578,1,0.018000000000029104,BACKFILL_AUTO
2026-04-05 08:31:07,1775377867,CRASH900,20772.588,1,0.00999999999839929,BACKFILL_AUTO
2026-04-05 08:31:08,1775377868,CRASH900,20772.613,1,0.02500000000145519,BACKFILL_AUTO
2026-04-05 08:31:09,1775377869,CRASH900,20772.64,1,0.026999999998224666,BACKFILL_AUTO
2026-04-05 08:31:10,1775377870,CRASH900,20772.65,1,0.010000000002037268,BACKFILL_AUTO
2026-04-05 08:31:11,1775377871,CRASH900,20772.665,1,0.014999999999417923,BACKFILL_AUTO
2026-04-05 08:31:12,1775377872,CRASH900,20772.684,1,0.01900000000023283,BACKFILL_AUTO
2026-04-05 08:31:13,1775377873,CRASH900,20772.714,1,0.029999999998835847,BACKFILL_AUTO
2026-04-05 08:31:14,1775377874,CRASH900,20772.718,1,0.004000000000814907,BACKFILL_AUTO
2026-04-05 08:31:15,1775377875,CRASH900,20772.761,1,0.04299999999784632,BACKFILL_AUTO
2026-04-05 08:31:16,1775377876,CRASH900,20772.773,1,0.012000000002444722,BACKFILL_AUTO
2026-04-05 08:31:17,1775377877,CRASH900,20772.775,1,0.0020000000004074536,BACKFILL_AUTO
2026-04-05 08:31:18,1775377878,CRASH900,20772.781,1,0.005999999997584382,BACKFILL_AUTO
2026-04-05 08:31:19,1775377879,CRASH900,20772.824,1,0.043000000001484295,BACKFILL_AUTO
2026-04-05 08:31:20,1775377880,CRASH900,20772.868,1,0.04399999999805004,BACKFILL_AUTO
2026-04-05 08:31:21,1775377881,CRASH900,20772.878,1,0.010000000002037268,BACKFILL_AUTO
2026-04-05 08:31:22,1775377882,CRASH900,20772.897,1,0.01900000000023283,BACKFILL_AUTO
2026-04-05 08:31:23,1775377883,CRASH900,20772.909,1,0.011999999998806743,BACKFILL_AUTO
2026-04-05 08:31:24,1775377884,CRASH900,20772.945,1,0.03600000000005821,BACKFILL_AUTO
2026-04-05 08:31:25,1775377885,CRASH900,20772.959,1,0.013999999999214197,BACKFILL_AUTO
2026-04-05 08:31:26,1775377886,CRASH900,20772.97,1,0.011000000002240995,BACKFILL_AUTO
2026-04-05 08:31:27,1775377887,CRASH900,20772.996,1,0.02599999999802094,BACKFILL_AUTO
2026-04-05 08:31:28,1775377888,CRASH900,20773.045,1,0.04899999999906868,BACKFILL_AUTO
2026-04-05 08:31:29,1775377889,CRASH900,20773.064,1,0.01900000000023283,BACKFILL_AUTO
2026-04-05 08:31:30,1775377890,CRASH900,20773.089,1,0.02500000000145519,BACKFILL_AUTO
2026-04-05 08:31:31,1775377891,CRASH900,20773.102,1,0.01299999999901047,BACKFILL_AUTO
2026-04-05 08:31:32,1775377892,CRASH900,20773.132,1,0.030000000002473826,BACKFILL_AUTO
2026-04-05 08:31:33,1775377893,CRASH900,20773.135,1,0.0029999999969732016,BACKFILL_AUTO
2026-04-05 08:31:34,1775377894,CRASH900,20773.135,0,0.0,BACKFILL_AUTO
2026-04-05 08:31:35,1775377895,CRASH900,20773.185,1,0.05000000000291038,BACKFILL_AUTO
2026-04-05 08:31:36,1775377896,CRASH900,20773.2,1,0.014999999999417923,BACKFILL_AUTO
2026-04-05 08:31:37,1775377897,CRASH900,20773.207,1,0.006999999997788109,BACKFILL_AUTO
2026-04-05 08:31:38,1775377898,CRASH900,20773.231,1,0.024000000001251465,BACKFILL_AUTO
2026-04-05 08:31:39,1775377899,CRASH900,20773.273,1,0.04200000000128057,BACKFILL_AUTO
2026-04-05 08:31:40,1775377900,CRASH900,20773.276,1,0.0030000000006111804,BACKFILL_AUTO
2026-04-05 08:31:41,1775377901,CRASH900,20773.295,1,0.018999999996594852,BACKFILL_AUTO
2026-04-05 08:31:42,1775377902,CRASH900,20773.318,1,0.023000000001047738,BACKFILL_AUTO
2026-04-05 08:31:43,1775377903,CRASH900,20773.371,1,0.052999999999883585,BACKFILL_AUTO
2026-04-05 08:31:44,1775377904,CRASH900,20773.378,1,0.007000000001426088,BACKFILL_AUTO
2026-04-05 08:31:45,1775377905,CRASH900,20773.405,1,0.026999999998224666,BACKFILL_AUTO
2026-04-05 08:31:46,1775377906,CRASH900,20773.439,1,0.033999999999650754,BACKFILL_AUTO
2026-04-05 08:31:47,1775377907,CRASH900,20773.45,1,0.011000000002240995,BACKFILL_AUTO
2026-04-05 08:31:48,1775377908,CRASH900,20773.452,1,0.0020000000004074536,BACKFILL_AUTO
2026-04-05 08:31:49,1775377909,CRASH900,20773.478,1,0.02599999999802094,BACKFILL_AUTO
2026-04-05 08:31:50,1775377910,CRASH900,20773.504,1,0.02600000000165892,BACKFILL_AUTO
2026-04-05 08:31:51,1775377911,CRASH900,20773.537,1,0.03299999999944703,BACKFILL_AUTO
2026-04-05 08:31:52,1775377912,CRASH900,20773.573,1,0.03600000000005821,BACKFILL_AUTO
2026-04-05 08:31:53,1775377913,CRASH900,20773.6,1,0.026999999998224666,BACKFILL_AUTO
2026-04-05 08:31:54,1775377914,CRASH900,20773.633,1,0.033000000003085006,BACKFILL_AUTO
2026-04-05 08:31:55,1775377915,CRASH900,20773.656,1,0.02299999999740976,BACKFILL_AUTO
2026-04-05 08:31:56,1775377916,CRASH900,20773.679,1,0.023000000001047738,BACKFILL_AUTO
2026-04-05 08:31:57,1775377917,CRASH900,20773.742,1,0.06299999999828287,BACKFILL_AUTO
2026-04-05 08:31:58,1775377918,CRASH900,20773.754,1,0.012000000002444722,BACKFILL_AUTO
2026-04-05 08:31:59,1775377919,CRASH900,20773.791,1,0.037000000000261934,BACKFILL_AUTO
2026-04-05 08:32:00,1775377920,CRASH900,20773.811,1,0.020000000000436557,BACKFILL_AUTO
2026-04-05 08:32:01,1775377921,CRASH900,20773.854,1,0.04299999999784632,BACKFILL_AUTO
2026-04-05 08:32:02,1775377922,CRASH900,20773.854,0,0.0,BACKFILL_AUTO
2026-04-05 08:32:03,1775377923,CRASH900,20773.863,1,0.009000000001833541,BACKFILL_AUTO
2026-04-05 08:32:04,1775377924,CRASH900,20773.873,1,0.00999999999839929,BACKFILL_AUTO
2026-04-05 08:32:05,1775377925,CRASH900,20773.885,1,0.011999999998806743,BACKFILL_AUTO
2026-04-05 08:32:06,1775377926,CRASH900,20773.918,1,0.033000000003085006,BACKFILL_AUTO
2026-04-05 08:32:07,1775377927,CRASH900,20773.934,1,0.01599999999962165,BACKFILL_AUTO
2026-04-05 08:32:08,1775377928,CRASH900,20773.942,1,0.007999999997991836,BACKFILL_AUTO
2026-04-05 08:32:09,1775377929,CRASH900,20773.971,1,0.0290000000022701,BACKFILL_AUTO
2026-04-05 08:32:10,1775377930,CRASH900,20773.983,1,0.011999999998806743,BACKFILL_AUTO
2026-04-05 08:32:11,1775377931,CRASH900,20774.012,1,0.02899999999863212,BACKFILL_AUTO
2026-04-05 08:32:12,1775377932,CRASH900,20774.036,1,0.024000000001251465,BACKFILL_AUTO
2026-04-05 08:32:13,1775377933,CRASH900,20774.041,1,0.005000000001018634,BACKFILL_AUTO
2026-04-05 08:32:14,1775377934,CRASH900,20774.047,1,0.005999999997584382,BACKFILL_AUTO
2026-04-05 08:32:15,1775377935,CRASH900,20774.085,1,0.03800000000046566,BACKFILL_AUTO
2026-04-05 08:32:16,1775377936,CRASH900,20774.09,1,0.005000000001018634,BACKFILL_AUTO
2026-04-05 08:32:17,1775377937,CRASH900,20774.103,1,0.01299999999901047,BACKFILL_AUTO
2026-04-05 08:32:18,1775377938,CRASH900,20774.12,1,0.016999999999825377,BACKFILL_AUTO
2026-04-05 08:32:19,1775377939,CRASH900,20774.132,1,0.012000000002444722,BACKFILL_AUTO
2026-04-05 08:32:20,1775377940,CRASH900,20774.182,1,0.049999999999272404,BACKFILL_AUTO
2026-04-05 08:32:21,1775377941,CRASH900,20774.202,1,0.020000000000436557,BACKFILL_AUTO
2026-04-05 08:32:22,1775377942,CRASH900,20774.204,1,0.0020000000004074536,BACKFILL_AUTO
2026-04-05 08:32:23,1775377943,CRASH900,20774.208,1,0.0039999999971769284,BACKFILL_AUTO
2026-04-05 08:32:24,1775377944,CRASH900,20774.238,1,0.030000000002473826,BACKFILL_AUTO
2026-04-05 08:32:25,1775377945,CRASH900,20774.256,1,0.018000000000029104,BACKFILL_AUTO
2026-04-05 08:32:26,1775377946,CRASH900,20774.267,1,0.010999999998603016,BACKFILL_AUTO
2026-04-05 08:32:27,1775377947,CRASH900,20774.28,1,0.01299999999901047,BACKFILL_AUTO
2026-04-05 08:32:28,1775377948,CRASH900,20774.329,1,0.049000000002706656,BACKFILL_AUTO
2026-04-05 08:32:29,1775377949,CRASH900,20774.389,1,0.059999999997671694,BACKFILL_AUTO
2026-04-05 08:32:30,1775377950,CRASH900,20774.4,1,0.011000000002240995,BACKFILL_AUTO
2026-04-05 08:32:31,1775377951,CRASH900,20774.414,1,0.013999999999214197,BACKFILL_AUTO
2026-04-05 08:32:32,1775377952,CRASH900,20774.426,1,0.011999999998806743,BACKFILL_AUTO
2026-04-05 08:32:33,1775377953,CRASH900,20774.448,1,0.02200000000084401,BACKFILL_AUTO
2026-04-05 08:32:34,1775377954,CRASH900,20774.496,1,0.04799999999886495,BACKFILL_AUTO
2026-04-05 08:32:35,1775377955,CRASH900,20774.51,1,0.013999999999214197,BACKFILL_AUTO
2026-04-05 08:32:36,1775377956,CRASH900,20774.565,1,0.05500000000029104,BACKFILL_AUTO
2026-04-05 08:32:37,1775377957,CRASH900,20774.577,1,0.012000000002444722,BACKFILL_AUTO
2026-04-05 08:32:38,1775377958,CRASH900,20774.585,1,0.007999999997991836,BACKFILL_AUTO
2026-04-05 08:32:39,1775377959,CRASH900,20774.606,1,0.021000000000640284,BACKFILL_AUTO
2026-04-05 08:32:40,1775377960,CRASH900,20774.619,1,0.01299999999901047,BACKFILL_AUTO
2026-04-05 08:32:41,1775377961,CRASH900,20774.65,1,0.031000000002677552,BACKFILL_AUTO
2026-04-05 08:32:42,1775377962,CRASH900,20774.651,1,0.0010000000002037268,BACKFILL_AUTO
2026-04-05 08:32:43,1775377963,CRASH900,20774.672,1,0.020999999997002305,BACKFILL_AUTO
2026-04-05 08:32:44,1775377964,CRASH900,20774.685,1,0.013000000002648449,BACKFILL_AUTO
2026-04-05 08:32:45,1775377965,CRASH900,20774.701,1,0.01599999999962165,BACKFILL_AUTO
2026-04-05 08:32:46,1775377966,CRASH900,20774.717,1,0.01599999999962165,BACKFILL_AUTO
2026-04-05 08:32:47,1775377967,CRASH900,20774.733,1,0.01599999999962165,BACKFILL_AUTO
2026-04-05 08:32:48,1775377968,CRASH900,20774.741,1,0.008000000001629815,BACKFILL_AUTO
2026-04-05 08:32:49,1775377969,CRASH900,20774.771,1,0.029999999998835847,BACKFILL_AUTO
2026-04-05 08:32:50,1775377970,CRASH900,20774.785,1,0.013999999999214197,BACKFILL_AUTO
2026-04-05 08:32:51,1775377971,CRASH900,20774.802,1,0.016999999999825377,BACKFILL_AUTO
2026-04-05 08:32:52,1775377972,CRASH900,20774.816,1,0.013999999999214197,BACKFILL_AUTO
2026-04-05 08:32:53,1775377973,CRASH900,20774.836,1,0.020000000000436557,BACKFILL_AUTO
2026-04-05 08:32:54,1775377974,CRASH900,20774.854,1,0.018000000000029104,BACKFILL_AUTO
2026-04-05 08:32:55,1775377975,CRASH900,20774.878,1,0.024000000001251465,BACKFILL_AUTO
2026-04-05 08:32:56,1775377976,CRASH900,20774.902,1,0.023999999997613486,BACKFILL_AUTO
2026-04-05 08:32:57,1775377977,CRASH900,20774.944,1,0.04200000000128057,BACKFILL_AUTO
2026-04-05 08:32:58,1775377978,CRASH900,20774.947,1,0.0030000000006111804,BACKFILL_AUTO
2026-04-05 08:32:59,1775377979,CRASH900,20774.957,1,0.00999999999839929,BACKFILL_AUTO
2026-04-05 08:33:00,1775377980,CRASH900,20775.009,1,0.05199999999967986,BACKFILL_AUTO
2026-04-05 08:33:01,1775377981,CRASH900,20775.038,1,0.0290000000022701,BACKFILL_AUTO
2026-04-05 08:33:02,1775377982,CRASH900,20775.063,1,0.024999999997817213,BACKFILL_AUTO
2026-04-05 08:33:03,1775377983,CRASH900,20775.103,1,0.040000000000873115,BACKFILL_AUTO
2026-04-05 08:33:04,1775377984,CRASH900,20775.176,1,0.07300000000032014,BACKFILL_AUTO
2026-04-05 08:33:05,1775377985,CRASH900,20775.194,1,0.018000000000029104,BACKFILL_AUTO
2026-04-05 08:33:06,1775377986,CRASH900,20775.2,1,0.006000000001222361,BACKFILL_AUTO
2026-04-05 08:33:07,1775377987,CRASH900,20775.205,1,0.005000000001018634,BACKFILL_AUTO
2026-04-05 08:33:08,1775377988,CRASH900,20775.208,1,0.0029999999969732016,BACKFILL_AUTO
2026-04-05 08:33:09,1775377989,CRASH900,20775.223,1,0.015000000003055902,BACKFILL_AUTO
2026-04-05 08:33:10,1775377990,CRASH900,20775.235,1,0.011999999998806743,BACKFILL_AUTO
2026-04-05 08:33:11,1775377991,CRASH900,20775.241,1,0.006000000001222361,BACKFILL_AUTO
2026-04-05 08:33:12,1775377992,CRASH900,20775.245,1,0.0039999999971769284,BACKFILL_AUTO
2026-04-05 08:33:13,1775377993,CRASH900,20775.267,1,0.02200000000084401,BACKFILL_AUTO
2026-04-05 08:33:14,1775377994,CRASH900,20775.272,1,0.005000000001018634,BACKFILL_AUTO
2026-04-05 08:33:15,1775377995,CRASH900,20775.273,1,0.0010000000002037268,BACKFILL_AUTO
2026-04-05 08:33:16,1775377996,CRASH900,20775.286,1,0.01299999999901047,BACKFILL_AUTO
2026-04-05 08:33:17,1775377997,CRASH900,20775.314,1,0.027999999998428393,BACKFILL_AUTO
2026-04-05 08:33:18,1775377998,CRASH900,20775.341,1,0.027000000001862645,BACKFILL_AUTO
2026-04-05 08:33:19,1775377999,CRASH900,20775.358,1,0.016999999999825377,BACKFILL_AUTO
2026-04-05 08:33:20,1775378000,CRASH900,20775.374,1,0.01599999999962165,BACKFILL_AUTO
2026-04-05 08:33:21,1775378001,CRASH900,20775.438,1,0.0639999999984866,BACKFILL_AUTO
2026-04-05 08:33:22,1775378002,CRASH900,20775.448,1,0.010000000002037268,BACKFILL_AUTO
2026-04-05 08:33:23,1775378003,CRASH900,20775.484,1,0.03600000000005821,BACKFILL_AUTO
2026-04-05 08:33:24,1775378004,CRASH900,20775.503,1,0.01900000000023283,BACKFILL_AUTO
2026-04-05 08:33:25,1775378005,CRASH900,20775.512,1,0.008999999998195563,BACKFILL_AUTO
2026-04-05 08:33:26,1775378006,CRASH900,20775.567,1,0.05500000000029104,BACKFILL_AUTO
2026-04-05 08:33:27,1775378007,CRASH900,20775.604,1,0.037000000000261934,BACKFILL_AUTO
2026-04-05 08:33:28,1775378008,CRASH900,20775.628,1,0.024000000001251465,BACKFILL_AUTO
2026-04-05 08:33:29,1775378009,CRASH900,20775.636,1,0.007999999997991836,BACKFILL_AUTO
2026-04-05 08:33:30,1775378010,CRASH900,20775.636,0,0.0,BACKFILL_AUTO
2026-04-05 08:33:31,1775378011,CRASH900,20775.65,1,0.014000000002852175,BACKFILL_AUTO
2026-04-05 08:33:32,1775378012,CRASH900,20775.681,1,0.030999999999039574,BACKFILL_AUTO
2026-04-05 08:33:33,1775378013,CRASH900,20775.683,1,0.0020000000004074536,BACKFILL_AUTO
2026-04-05 08:33:34,1775378014,CRASH900,20775.699,1,0.01599999999962165,BACKFILL_AUTO
2026-04-05 08:33:35,1775378015,CRASH900,20775.704,1,0.005000000001018634,BACKFILL_AUTO
2026-04-05 08:33:36,1775378016,CRASH900,20775.717,1,0.01299999999901047,BACKFILL_AUTO
2026-04-05 08:33:37,1775378017,CRASH900,20775.724,1,0.006999999997788109,BACKFILL_AUTO
2026-04-05 08:33:38,1775378018,CRASH900,20775.785,1,0.0610000000015134,BACKFILL_AUTO
2026-04-05 08:33:39,1775378019,CRASH900,20775.814,1,0.02899999999863212,BACKFILL_AUTO
2026-04-05 08:33:40,1775378020,CRASH900,20775.825,1,0.011000000002240995,BACKFILL_AUTO
2026-04-05 08:33:41,1775378021,CRASH900,20775.836,1,0.010999999998603016,BACKFILL_AUTO
2026-04-05 08:33:42,1775378022,CRASH900,20775.851,1,0.014999999999417923,BACKFILL_AUTO
2026-04-05 08:33:43,1775378023,CRASH900,20775.867,1,0.01599999999962165,BACKFILL_AUTO
2026-04-05 08:33:44,1775378024,CRASH900,20775.869,1,0.0020000000004074536,BACKFILL_AUTO
2026-04-05 08:33:45,1775378025,CRASH900,20775.884,1,0.014999999999417923,BACKFILL_AUTO
2026-04-05 08:33:46,1775378026,CRASH900,20775.885,1,0.0010000000002037268,BACKFILL_AUTO
2026-04-05 08:33:47,1775378027,CRASH900,20775.91,1,0.02500000000145519,BACKFILL_AUTO
2026-04-05 08:33:48,1775378028,CRASH900,20775.944,1,0.033999999999650754,BACKFILL_AUTO
2026-04-05 08:33:49,1775378029,CRASH900,20775.989,1,0.04500000000189175,BACKFILL_AUTO
2026-04-05 08:33:50,1775378030,CRASH900,20776.009,1,0.01999999999679858,BACKFILL_AUTO
2026-04-05 08:33:51,1775378031,CRASH900,20776.022,1,0.013000000002648449,BACKFILL_AUTO
2026-04-05 08:33:52,1775378032,CRASH900,20776.029,1,0.006999999997788109,BACKFILL_AUTO
2026-04-05 08:33:53,1775378033,CRASH900,20776.055,1,0.02600000000165892,BACKFILL_AUTO
2026-04-05 08:33:54,1775378034,CRASH900,20776.068,1,0.01299999999901047,BACKFILL_AUTO
2026-04-05 08:33:55,1775378035,CRASH900,20776.093,1,0.02500000000145519,BACKFILL_AUTO
2026-04-05 08:33:56,1775378036,CRASH900,20776.098,1,0.005000000001018634,BACKFILL_AUTO
2026-04-05 08:33:57,1775378037,CRASH900,20776.125,1,0.026999999998224666,BACKFILL_AUTO
2026-04-05 08:33:58,1775378038,CRASH900,20776.137,1,0.011999999998806743,BACKFILL_AUTO
2026-04-05 08:33:59,1775378039,CRASH900,20776.173,1,0.03600000000005821,BACKFILL_AUTO
2026-04-05 08:34:00,1775378040,CRASH900,20776.187,1,0.014000000002852175,BACKFILL_AUTO
2026-04-05 08:34:01,1775378041,CRASH900,20776.212,1,0.024999999997817213,BACKFILL_AUTO
2026-04-05 08:34:02,1775378042,CRASH900,20776.222,1,0.010000000002037268,BACKFILL_AUTO
2026-04-05 08:34:03,1775378043,CRASH900,20776.249,1,0.026999999998224666,BACKFILL_AUTO
2026-04-05 08:34:04,1775378044,CRASH900,20776.293,1,0.04400000000168802,BACKFILL_AUTO
2026-04-05 08:34:05,1775378045,CRASH900,20776.294,1,0.0010000000002037268,BACKFILL_AUTO
2026-04-05 08:34:06,1775378046,CRASH900,20776.317,1,0.02299999999740976,BACKFILL_AUTO
2026-04-05 08:34:07,1775378047,CRASH900,20776.373,1,0.056000000000494765,BACKFILL_AUTO
2026-04-05 08:34:08,1775378048,CRASH900,20776.391,1,0.018000000000029104,BACKFILL_AUTO
2026-04-05 08:34:09,1775378049,CRASH900,20776.403,1,0.011999999998806743,BACKFILL_AUTO
2026-04-05 08:34:10,1775378050,CRASH900,20776.432,1,0.0290000000022701,BACKFILL_AUTO
2026-04-05 08:34:11,1775378051,CRASH900,20776.472,1,0.040000000000873115,BACKFILL_AUTO
2026-04-05 08:34:12,1775378052,CRASH900,20776.5,1,0.027999999998428393,BACKFILL_AUTO
2026-04-05 08:34:13,1775378053,CRASH900,20776.514,1,0.013999999999214197,BACKFILL_AUTO
2026-04-05 08:34:14,1775378054,CRASH900,20776.532,1,0.018000000000029104,BACKFILL_AUTO
2026-04-05 08:34:15,1775378055,CRASH900,20776.534,1,0.0020000000004074536,BACKFILL_AUTO
2026-04-05 08:34:16,1775378056,CRASH900,20776.59,1,0.056000000000494765,BACKFILL_AUTO
2026-04-05 08:34:17,1775378057,CRASH900,20776.631,1,0.04100000000107684,BACKFILL_AUTO
2026-04-05 08:34:18,1775378058,CRASH900,20776.639,1,0.007999999997991836,BACKFILL_AUTO
2026-04-05 08:34:19,1775378059,CRASH900,20776.64,1,0.0010000000002037268,BACKFILL_AUTO
2026-04-05 08:34:20,1775378060,CRASH900,20776.677,1,0.037000000000261934,BACKFILL_AUTO
2026-04-05 08:34:21,1775378061,CRASH900,20776.687,1,0.010000000002037268,BACKFILL_AUTO
2026-04-05 08:34:22,1775378062,CRASH900,20776.711,1,0.023999999997613486,BACKFILL_AUTO
2026-04-05 08:34:23,1775378063,CRASH900,20776.754,1,0.043000000001484295,BACKFILL_AUTO
2026-04-05 08:34:24,1775378064,CRASH900,20776.772,1,0.018000000000029104,BACKFILL_AUTO
2026-04-05 08:34:25,1775378065,CRASH900,20776.783,1,0.010999999998603016,BACKFILL_AUTO
2026-04-05 08:34:26,1775378066,CRASH900,20776.795,1,0.011999999998806743,BACKFILL_AUTO
2026-04-05 08:34:27,1775378067,CRASH900,20776.834,1,0.03900000000066939,BACKFILL_AUTO
2026-04-05 08:34:28,1775378068,CRASH900,20776.85,1,0.01599999999962165,BACKFILL_AUTO
2026-04-05 08:34:29,1775378069,CRASH900,20776.854,1,0.004000000000814907,BACKFILL_AUTO
2026-04-05 08:34:30,1775378070,CRASH900,20776.858,1,0.004000000000814907,BACKFILL_AUTO
2026-04-05 08:34:31,1775378071,CRASH900,20776.882,1,0.024000000001251465,BACKFILL_AUTO
2026-04-05 08:34:32,1775378072,CRASH900,20776.906,1,0.023999999997613486,BACKFILL_AUTO
2026-04-05 08:34:33,1775378073,CRASH900,20776.929,1,0.023000000001047738,BACKFILL_AUTO
2026-04-05 08:34:34,1775378074,CRASH900,20776.941,1,0.011999999998806743,BACKFILL_AUTO
2026-04-05 08:34:35,1775378075,CRASH900,20776.989,1,0.04800000000250293,BACKFILL_AUTO
2026-04-05 08:34:36,1775378076,CRASH900,20777.001,1,0.011999999998806743,BACKFILL_AUTO
2026-04-05 08:34:37,1775378077,CRASH900,20777.011,1,0.00999999999839929,BACKFILL_AUTO
2026-04-05 08:34:38,1775378078,CRASH900,20777.039,1,0.028000000002066372,BACKFILL_AUTO
2026-04-05 08:34:39,1775378079,CRASH900,20777.056,1,0.016999999999825377,BACKFILL_AUTO
2026-04-05 08:34:40,1775378080,CRASH900,20777.063,1,0.006999999997788109,BACKFILL_AUTO
2026-04-05 08:34:41,1775378081,CRASH900,20777.068,1,0.005000000001018634,BACKFILL_AUTO
2026-04-05 08:34:42,1775378082,CRASH900,20777.08,1,0.012000000002444722,BACKFILL_AUTO
2026-04-05 08:34:43,1775378083,CRASH900,20777.097,1,0.016999999999825377,BACKFILL_AUTO
2026-04-05 08:34:44,1775378084,CRASH900,20777.098,1,0.0010000000002037268,BACKFILL_AUTO
2026-04-05 08:34:45,1775378085,CRASH900,20777.114,1,0.01599999999962165,BACKFILL_AUTO
2026-04-05 08:34:46,1775378086,CRASH900,20777.148,1,0.033999999999650754,BACKFILL_AUTO
2026-04-05 08:34:47,1775378087,CRASH900,20777.187,1,0.03900000000066939,BACKFILL_AUTO
2026-04-05 08:34:48,1775378088,CRASH900,20777.192,1,0.004999999997380655,BACKFILL_AUTO
2026-04-05 08:34:49,1775378089,CRASH900,20777.227,1,0.03499999999985448,BACKFILL_AUTO
2026-04-05 08:34:50,1775378090,CRASH900,20777.251,1,0.024000000001251465,BACKFILL_AUTO
2026-04-05 08:34:51,1775378091,CRASH900,20777.272,1,0.021000000000640284,BACKFILL_AUTO
2026-04-05 08:34:52,1775378092,CRASH900,20777.319,1,0.046999999998661224,BACKFILL_AUTO
2026-04-05 08:34:53,1775378093,CRASH900,20777.383,1,0.06400000000212458,BACKFILL_AUTO
2026-04-05 08:34:54,1775378094,CRASH900,20777.398,1,0.014999999999417923,BACKFILL_AUTO
2026-04-05 08:34:55,1775378095,CRASH900,20777.434,1,0.03600000000005821,BACKFILL_AUTO
2026-04-05 08:34:56,1775378096,CRASH900,20777.461,1,0.026999999998224666,BACKFILL_AUTO
2026-04-05 08:34:57,1775378097,CRASH900,20777.482,1,0.021000000000640284,BACKFILL_AUTO
2026-04-05 08:34:58,1775378098,CRASH900,20777.509,1,0.026999999998224666,BACKFILL_AUTO
2026-04-05 08:34:59,1775378099,CRASH900,20777.511,1,0.0020000000004074536,BACKFILL_AUTO
2026-04-05 08:35:00,1775378100,CRASH900,20777.547,1,0.03600000000005821,BACKFILL_AUTO
2026-04-05 08:35:01,1775378101,CRASH900,20777.58,1,0.033000000003085006,BACKFILL_AUTO
2026-04-05 08:35:02,1775378102,CRASH900,20777.596,1,0.01599999999962165,BACKFILL_AUTO
2026-04-05 08:35:03,1775378103,CRASH900,20777.605,1,0.008999999998195563,BACKFILL_AUTO
2026-04-05 08:35:04,1775378104,CRASH900,20777.629,1,0.024000000001251465,BACKFILL_AUTO
2026-04-05 08:35:05,1775378105,CRASH900,20777.679,1,0.049999999999272404,BACKFILL_AUTO
2026-04-05 08:35:06,1775378106,CRASH900,20777.691,1,0.011999999998806743,BACKFILL_AUTO
2026-04-05 08:35:07,1775378107,CRASH900,20777.724,1,0.03299999999944703,BACKFILL_AUTO
2026-04-05 08:35:08,1775378108,CRASH900,20777.755,1,0.031000000002677552,BACKFILL_AUTO
2026-04-05 08:35:09,1775378109,CRASH900,20754.878,-1,22.877000000000407,BACKFILL_AUTO
2026-04-05 08:35:10,1775378110,CRASH900,20754.879,1,0.0010000000002037268,BACKFILL_AUTO
2026-04-05 08:35:11,1775378111,CRASH900,20754.901,1,0.02200000000084401,BACKFILL_AUTO
2026-04-05 08:35:12,1775378112,CRASH900,20754.911,1,0.00999999999839929,BACKFILL_AUTO
2026-04-05 08:35:13,1775378113,CRASH900,20754.917,1,0.006000000001222361,BACKFILL_AUTO
2026-04-05 08:35:14,1775378114,CRASH900,20754.961,1,0.04399999999805004,BACKFILL_AUTO
2026-04-05 08:35:15,1775378115,CRASH900,20754.973,1,0.012000000002444722,BACKFILL_AUTO
2026-04-05 08:35:16,1775378116,CRASH900,20755.011,1,0.03799999999682768,BACKFILL_AUTO
2026-04-05 08:35:17,1775378117,CRASH900,20755.02,1,0.009000000001833541,BACKFILL_AUTO
2026-04-05 08:35:18,1775378118,CRASH900,20755.063,1,0.04299999999784632,BACKFILL_AUTO
2026-04-05 08:35:19,1775378119,CRASH900,20755.108,1,0.04500000000189175,BACKFILL_AUTO
2026-04-05 08:35:20,1775378120,CRASH900,20755.154,1,0.0459999999984575,BACKFILL_AUTO
2026-04-05 08:35:21,1775378121,CRASH900,20755.161,1,0.007000000001426088,BACKFILL_AUTO
2026-04-05 08:35:22,1775378122,CRASH900,20755.172,1,0.010999999998603016,BACKFILL_AUTO
2026-04-05 08:35:23,1775378123,CRASH900,20755.182,1,0.010000000002037268,BACKFILL_AUTO
2026-04-05 08:35:24,1775378124,CRASH900,20755.215,1,0.03299999999944703,BACKFILL_AUTO
2026-04-05 08:35:25,1775378125,CRASH900,20755.242,1,0.026999999998224666,BACKFILL_AUTO
2026-04-05 08:35:26,1775378126,CRASH900,20755.264,1,0.02200000000084401,BACKFILL_AUTO
2026-04-05 08:35:27,1775378127,CRASH900,20755.269,1,0.005000000001018634,BACKFILL_AUTO
2026-04-05 08:35:28,1775378128,CRASH900,20755.309,1,0.040000000000873115,BACKFILL_AUTO
2026-04-05 08:35:29,1775378129,CRASH900,20755.321,1,0.011999999998806743,BACKFILL_AUTO
2026-04-05 08:35:30,1775378130,CRASH900,20755.335,1,0.013999999999214197,BACKFILL_AUTO
2026-04-05 08:35:31,1775378131,CRASH900,20755.366,1,0.031000000002677552,BACKFILL_AUTO
2026-04-05 08:35:32,1775378132,CRASH900,20755.39,1,0.023999999997613486,BACKFILL_AUTO
2026-04-05 08:35:33,1775378133,CRASH900,20755.403,1,0.01299999999901047,BACKFILL_AUTO
2026-04-05 08:35:34,1775378134,CRASH900,20755.422,1,0.01900000000023283,BACKFILL_AUTO
2026-04-05 08:35:35,1775378135,CRASH900,20755.424,1,0.0020000000004074536,BACKFILL_AUTO
2026-04-05 08:35:36,1775378136,CRASH900,20755.447,1,0.023000000001047738,BACKFILL_AUTO
2026-04-05 08:35:37,1775378137,CRASH900,20755.504,1,0.05700000000069849,BACKFILL_AUTO
2026-04-05 08:35:38,1775378138,CRASH900,20755.556,1,0.05199999999967986,BACKFILL_AUTO
2026-04-05 08:35:39,1775378139,CRASH900,20755.569,1,0.01299999999901047,BACKFILL_AUTO
2026-04-05 08:35:40,1775378140,CRASH900,20755.598,1,0.0290000000022701,BACKFILL_AUTO
2026-04-05 08:35:41,1775378141,CRASH900,20755.608,1,0.00999999999839929,BACKFILL_AUTO
2026-04-05 08:35:42,1775378142,CRASH900,20755.659,1,0.05099999999947613,BACKFILL_AUTO
2026-04-05 08:35:43,1775378143,CRASH900,20755.691,1,0.0319999999992433,BACKFILL_AUTO
2026-04-05 08:35:44,1775378144,CRASH900,20755.73,1,0.03900000000066939,BACKFILL_AUTO
2026-04-05 08:35:45,1775378145,CRASH900,20755.746,1,0.01599999999962165,BACKFILL_AUTO
2026-04-05 08:35:46,1775378146,CRASH900,20755.779,1,0.03299999999944703,BACKFILL_AUTO
2026-04-05 08:35:47,1775378147,CRASH900,20755.791,1,0.012000000002444722,BACKFILL_AUTO
2026-04-05 08:35:48,1775378148,CRASH900,20755.816,1,0.024999999997817213,BACKFILL_AUTO
2026-04-05 08:35:49,1775378149,CRASH900,20755.871,1,0.05500000000029104,BACKFILL_AUTO
2026-04-05 08:35:50,1775378150,CRASH900,20755.882,1,0.011000000002240995,BACKFILL_AUTO
2026-04-05 08:35:51,1775378151,CRASH900,20755.919,1,0.037000000000261934,BACKFILL_AUTO
2026-04-05 08:35:52,1775378152,CRASH900,20755.936,1,0.016999999999825377,BACKFILL_AUTO
2026-04-05 08:35:53,1775378153,CRASH900,20755.956,1,0.01999999999679858,BACKFILL_AUTO
2026-04-05 08:35:54,1775378154,CRASH900,20755.97,1,0.014000000002852175,BACKFILL_AUTO
2026-04-05 08:35:55,1775378155,CRASH900,20755.973,1,0.0030000000006111804,BACKFILL_AUTO
2026-04-05 08:35:56,1775378156,CRASH900,20756.012,1,0.03899999999703141,BACKFILL_AUTO
2026-04-05 08:35:57,1775378157,CRASH900,20756.051,1,0.03900000000066939,BACKFILL_AUTO
2026-04-05 08:35:58,1775378158,CRASH900,20756.076,1,0.02500000000145519,BACKFILL_AUTO
2026-04-05 08:35:59,1775378159,CRASH900,20756.102,1,0.02599999999802094,BACKFILL_AUTO
2026-04-05 08:36:00,1775378160,CRASH900,20756.112,1,0.010000000002037268,BACKFILL_AUTO
2026-04-05 08:36:01,1775378161,CRASH900,20756.119,1,0.006999999997788109,BACKFILL_AUTO
2026-04-05 08:36:02,1775378162,CRASH900,20756.132,1,0.013000000002648449,BACKFILL_AUTO
2026-04-05 08:36:03,1775378163,CRASH900,20756.155,1,0.02299999999740976,BACKFILL_AUTO
2026-04-05 08:36:04,1775378164,CRASH900,20756.182,1,0.027000000001862645,BACKFILL_AUTO
2026-04-05 08:36:05,1775378165,CRASH900,20756.203,1,0.021000000000640284,BACKFILL_AUTO
2026-04-05 08:36:06,1775378166,CRASH900,20756.236,1,0.03299999999944703,BACKFILL_AUTO
2026-04-05 08:36:07,1775378167,CRASH900,20756.267,1,0.030999999999039574,BACKFILL_AUTO
2026-04-05 08:36:08,1775378168,CRASH900,20756.285,1,0.018000000000029104,BACKFILL_AUTO
2026-04-05 08:36:09,1775378169,CRASH900,20756.29,1,0.005000000001018634,BACKFILL_AUTO
2026-04-05 08:36:10,1775378170,CRASH900,20756.332,1,0.04199999999764259,BACKFILL_AUTO
2026-04-05 08:36:11,1775378171,CRASH900,20756.376,1,0.04400000000168802,BACKFILL_AUTO
2026-04-05 08:36:12,1775378172,CRASH900,20756.434,1,0.05800000000090222,BACKFILL_AUTO
2026-04-05 08:36:13,1775378173,CRASH900,20756.476,1,0.04199999999764259,BACKFILL_AUTO
2026-04-05 08:36:14,1775378174,CRASH900,20756.524,1,0.04800000000250293,BACKFILL_AUTO
2026-04-05 08:36:15,1775378175,CRASH900,20756.535,1,0.010999999998603016,BACKFILL_AUTO
2026-04-05 08:36:16,1775378176,CRASH900,20756.561,1,0.02600000000165892,BACKFILL_AUTO
2026-04-05 08:36:17,1775378177,CRASH900,20756.574,1,0.01299999999901047,BACKFILL_AUTO
2026-04-05 08:36:18,1775378178,CRASH900,20756.599,1,0.024999999997817213,BACKFILL_AUTO
2026-04-05 08:36:19,1775378179,CRASH900,20756.612,1,0.013000000002648449,BACKFILL_AUTO
2026-04-05 08:36:20,1775378180,CRASH900,20756.613,1,0.0010000000002037268,BACKFILL_AUTO
2026-04-05 08:36:21,1775378181,CRASH900,20756.627,1,0.013999999999214197,BACKFILL_AUTO
2026-04-05 08:36:22,1775378182,CRASH900,20756.629,1,0.0020000000004074536,BACKFILL_AUTO
2026-04-05 08:36:23,1775378183,CRASH900,20756.629,0,0.0,BACKFILL_AUTO
2026-04-05 08:36:24,1775378184,CRASH900,20756.647,1,0.018000000000029104,BACKFILL_AUTO
2026-04-05 08:36:25,1775378185,CRASH900,20756.65,1,0.0030000000006111804,BACKFILL_AUTO
2026-04-05 08:36:26,1775378186,CRASH900,20756.679,1,0.02899999999863212,BACKFILL_AUTO
2026-04-05 08:36:27,1775378187,CRASH900,20756.725,1,0.0459999999984575,BACKFILL_AUTO
2026-04-05 08:36:28,1775378188,CRASH900,20756.73,1,0.005000000001018634,BACKFILL_AUTO
2026-04-05 08:36:29,1775378189,CRASH900,20756.731,1,0.0010000000002037268,BACKFILL_AUTO
2026-04-05 08:36:30,1775378190,CRASH900,20756.774,1,0.043000000001484295,BACKFILL_AUTO
2026-04-05 08:36:31,1775378191,CRASH900,20756.781,1,0.006999999997788109,BACKFILL_AUTO
2026-04-05 08:36:32,1775378192,CRASH900,20756.829,1,0.04800000000250293,BACKFILL_AUTO
2026-04-05 08:36:33,1775378193,CRASH900,20756.845,1,0.01599999999962165,BACKFILL_AUTO
2026-04-05 08:36:34,1775378194,CRASH900,20756.852,1,0.006999999997788109,BACKFILL_AUTO
2026-04-05 08:36:35,1775378195,CRASH900,20756.903,1,0.05099999999947613,BACKFILL_AUTO
2026-04-05 08:36:36,1775378196,CRASH900,20756.921,1,0.018000000000029104,BACKFILL_AUTO
2026-04-05 08:36:37,1775378197,CRASH900,20756.937,1,0.01600000000325963,BACKFILL_AUTO
2026-04-05 08:36:38,1775378198,CRASH900,20756.971,1,0.033999999999650754,BACKFILL_AUTO
2026-04-05 08:36:39,1775378199,CRASH900,20757.0,1,0.02899999999863212,BACKFILL_AUTO
2026-04-05 08:36:40,1775378200,CRASH900,20757.005,1,0.005000000001018634,BACKFILL_AUTO
2026-04-05 08:36:41,1775378201,CRASH900,20757.034,1,0.02899999999863212,BACKFILL_AUTO
2026-04-05 08:36:42,1775378202,CRASH900,20757.047,1,0.01299999999901047,BACKFILL_AUTO
2026-04-05 08:36:43,1775378203,CRASH900,20757.052,1,0.005000000001018634,BACKFILL_AUTO
2026-04-05 08:36:44,1775378204,CRASH900,20757.077,1,0.02500000000145519,BACKFILL_AUTO
2026-04-05 08:36:45,1775378205,CRASH900,20757.12,1,0.04299999999784632,BACKFILL_AUTO
2026-04-05 08:36:46,1775378206,CRASH900,20757.155,1,0.03499999999985448,BACKFILL_AUTO
2026-04-05 08:36:47,1775378207,CRASH900,20757.177,1,0.02200000000084401,BACKFILL_AUTO
2026-04-05 08:36:48,1775378208,CRASH900,20757.204,1,0.027000000001862645,BACKFILL_AUTO
2026-04-05 08:36:49,1775378209,CRASH900,20757.236,1,0.0319999999992433,BACKFILL_AUTO
2026-04-05 08:36:50,1775378210,CRASH900,20757.26,1,0.023999999997613486,BACKFILL_AUTO
2026-04-05 08:36:51,1775378211,CRASH900,20757.304,1,0.04400000000168802,BACKFILL_AUTO
2026-04-05 08:36:52,1775378212,CRASH900,20757.365,1,0.0610000000015134,BACKFILL_AUTO
2026-04-05 08:36:53,1775378213,CRASH900,20757.406,1,0.04099999999743886,BACKFILL_AUTO
2026-04-05 08:36:54,1775378214,CRASH900,20757.461,1,0.05500000000029104,BACKFILL_AUTO
2026-04-05 08:36:55,1775378215,CRASH900,20757.462,1,0.0010000000002037268,BACKFILL_AUTO
2026-04-05 08:36:56,1775378216,CRASH900,20757.487,1,0.02500000000145519,BACKFILL_AUTO
2026-04-05 08:36:57,1775378217,CRASH900,20757.518,1,0.030999999999039574,BACKFILL_AUTO
2026-04-05 08:36:58,1775378218,CRASH900,20757.529,1,0.010999999998603016,BACKFILL_AUTO
2026-04-05 08:36:59,1775378219,CRASH900,20757.534,1,0.005000000001018634,BACKFILL_AUTO
2026-04-05 08:37:00,1775378220,CRASH900,20757.581,1,0.046999999998661224,BACKFILL_AUTO
2026-04-05 08:37:01,1775378221,CRASH900,20757.597,1,0.01600000000325963,BACKFILL_AUTO
2026-04-05 08:37:02,1775378222,CRASH900,20757.631,1,0.033999999999650754,BACKFILL_AUTO
2026-04-05 08:37:03,1775378223,CRASH900,20757.656,1,0.024999999997817213,BACKFILL_AUTO
2026-04-05 08:37:04,1775378224,CRASH900,20757.675,1,0.01900000000023283,BACKFILL_AUTO
2026-04-05 08:37:05,1775378225,CRASH900,20757.692,1,0.016999999999825377,BACKFILL_AUTO
2026-04-05 08:37:06,1775378226,CRASH900,20757.718,1,0.02600000000165892,BACKFILL_AUTO
2026-04-05 08:37:07,1775378227,CRASH900,20757.765,1,0.046999999998661224,BACKFILL_AUTO
2026-04-05 08:37:08,1775378228,CRASH900,20757.787,1,0.02200000000084401,BACKFILL_AUTO
2026-04-05 08:37:09,1775378229,CRASH900,20757.795,1,0.007999999997991836,BACKFILL_AUTO
2026-04-05 08:37:10,1775378230,CRASH900,20757.795,0,0.0,BACKFILL_AUTO
2026-04-05 08:37:11,1775378231,CRASH900,20757.835,1,0.040000000000873115,BACKFILL_AUTO
2026-04-05 08:37:12,1775378232,CRASH900,20757.854,1,0.01900000000023283,BACKFILL_AUTO
2026-04-05 08:37:13,1775378233,CRASH900,20757.874,1,0.020000000000436557,BACKFILL_AUTO
2026-04-05 08:37:14,1775378234,CRASH900,20757.908,1,0.033999999999650754,BACKFILL_AUTO
2026-04-05 08:37:15,1775378235,CRASH900,20757.918,1,0.010000000002037268,BACKFILL_AUTO
2026-04-05 08:37:16,1775378236,CRASH900,20757.923,1,0.004999999997380655,BACKFILL_AUTO
2026-04-05 08:37:17,1775378237,CRASH900,20757.974,1,0.05099999999947613,BACKFILL_AUTO
2026-04-05 08:37:18,1775378238,CRASH900,20758.0,1,0.02600000000165892,BACKFILL_AUTO
2026-04-05 08:37:19,1775378239,CRASH900,20758.023,1,0.023000000001047738,BACKFILL_AUTO
2026-04-05 08:37:20,1775378240,CRASH900,20758.031,1,0.007999999997991836,BACKFILL_AUTO
2026-04-05 08:37:21,1775378241,CRASH900,20758.068,1,0.037000000000261934,BACKFILL_AUTO
2026-04-05 08:37:22,1775378242,CRASH900,20758.072,1,0.004000000000814907,BACKFILL_AUTO
2026-04-05 08:37:23,1775378243,CRASH900,20758.091,1,0.01900000000023283,BACKFILL_AUTO
2026-04-05 08:37:24,1775378244,CRASH900,20758.095,1,0.004000000000814907,BACKFILL_AUTO
2026-04-05 08:37:25,1775378245,CRASH900,20758.12,1,0.024999999997817213,BACKFILL_AUTO
2026-04-05 08:37:26,1775378246,CRASH900,20758.151,1,0.031000000002677552,BACKFILL_AUTO
2026-04-05 08:37:27,1775378247,CRASH900,20758.152,1,0.000999999996565748,BACKFILL_AUTO
2026-04-05 08:37:28,1775378248,CRASH900,20758.188,1,0.03600000000005821,BACKFILL_AUTO
2026-04-05 08:37:29,1775378249,CRASH900,20758.189,1,0.0010000000002037268,BACKFILL_AUTO
2026-04-05 08:37:30,1775378250,CRASH900,20758.211,1,0.02200000000084401,BACKFILL_AUTO
2026-04-05 08:37:31,1775378251,CRASH900,20758.217,1,0.006000000001222361,BACKFILL_AUTO
2026-04-05 08:37:32,1775378252,CRASH900,20758.248,1,0.030999999999039574,BACKFILL_AUTO
2026-04-05 08:37:33,1775378253,CRASH900,20758.268,1,0.020000000000436557,BACKFILL_AUTO
2026-04-05 08:37:34,1775378254,CRASH900,20758.307,1,0.03900000000066939,BACKFILL_AUTO
2026-04-05 08:37:35,1775378255,CRASH900,20758.334,1,0.026999999998224666,BACKFILL_AUTO
2026-04-05 08:37:36,1775378256,CRASH900,20758.342,1,0.008000000001629815,BACKFILL_AUTO
2026-04-05 08:37:37,1775378257,CRASH900,20758.359,1,0.016999999999825377,BACKFILL_AUTO
2026-04-05 08:37:38,1775378258,CRASH900,20758.368,1,0.008999999998195563,BACKFILL_AUTO
2026-04-05 08:37:39,1775378259,CRASH900,20758.397,1,0.0290000000022701,BACKFILL_AUTO
2026-04-05 08:37:40,1775378260,CRASH900,20758.418,1,0.021000000000640284,BACKFILL_AUTO
2026-04-05 08:37:41,1775378261,CRASH900,20758.465,1,0.046999999998661224,BACKFILL_AUTO
2026-04-05 08:37:42,1775378262,CRASH900,20758.48,1,0.014999999999417923,BACKFILL_AUTO
2026-04-05 08:37:43,1775378263,CRASH900,20758.507,1,0.027000000001862645,BACKFILL_AUTO
2026-04-05 08:37:44,1775378264,CRASH900,20758.53,1,0.02299999999740976,BACKFILL_AUTO
2026-04-05 08:37:45,1775378265,CRASH900,20758.534,1,0.004000000000814907,BACKFILL_AUTO
2026-04-05 08:37:46,1775378266,CRASH900,20758.555,1,0.021000000000640284,BACKFILL_AUTO
2026-04-05 08:37:47,1775378267,CRASH900,20758.567,1,0.011999999998806743,BACKFILL_AUTO
2026-04-05 08:37:48,1775378268,CRASH900,20758.583,1,0.01599999999962165,BACKFILL_AUTO
2026-04-05 08:37:49,1775378269,CRASH900,20758.589,1,0.006000000001222361,BACKFILL_AUTO
2026-04-05 08:37:50,1775378270,CRASH900,20758.614,1,0.02500000000145519,BACKFILL_AUTO
2026-04-05 08:37:51,1775378271,CRASH900,20758.623,1,0.008999999998195563,BACKFILL_AUTO
2026-04-05 08:37:52,1775378272,CRASH900,20758.653,1,0.029999999998835847,BACKFILL_AUTO
2026-04-05 08:37:53,1775378273,CRASH900,20758.679,1,0.02600000000165892,BACKFILL_AUTO
2026-04-05 08:37:54,1775378274,CRASH900,20758.713,1,0.033999999999650754,BACKFILL_AUTO
2026-04-05 08:37:55,1775378275,CRASH900,20758.721,1,0.008000000001629815,BACKFILL_AUTO
2026-04-05 08:37:56,1775378276,CRASH900,20758.744,1,0.02299999999740976,BACKFILL_AUTO
2026-04-05 08:37:57,1775378277,CRASH900,20758.75,1,0.006000000001222361,BACKFILL_AUTO
2026-04-05 08:37:58,1775378278,CRASH900,20758.751,1,0.0010000000002037268,BACKFILL_AUTO
2026-04-05 08:37:59,1775378279,CRASH900,20758.755,1,0.004000000000814907,BACKFILL_AUTO
2026-04-05 08:38:00,1775378280,CRASH900,20758.769,1,0.013999999999214197,BACKFILL_AUTO
2026-04-05 08:38:01,1775378281,CRASH900,20758.773,1,0.004000000000814907,BACKFILL_AUTO
2026-04-05 08:38:02,1775378282,CRASH900,20758.778,1,0.004999999997380655,BACKFILL_AUTO
2026-04-05 08:38:03,1775378283,CRASH900,20758.818,1,0.040000000000873115,BACKFILL_AUTO
2026-04-05 08:38:04,1775378284,CRASH900,20758.867,1,0.04899999999906868,BACKFILL_AUTO
2026-04-05 08:38:05,1775378285,CRASH900,20758.904,1,0.037000000000261934,BACKFILL_AUTO
2026-04-05 08:38:06,1775378286,CRASH900,20758.906,1,0.0020000000004074536,BACKFILL_AUTO
2026-04-05 08:38:07,1775378287,CRASH900,20758.928,1,0.02200000000084401,BACKFILL_AUTO
2026-04-05 08:38:08,1775378288,CRASH900,20743.264,-1,15.66400000000067,BACKFILL_AUTO
2026-04-05 08:38:09,1775378289,CRASH900,20743.275,1,0.011000000002240995,BACKFILL_AUTO
2026-04-05 08:38:10,1775378290,CRASH900,20743.295,1,0.01999999999679858,BACKFILL_AUTO
2026-04-05 08:38:11,1775378291,CRASH900,20743.332,1,0.037000000000261934,BACKFILL_AUTO
2026-04-05 08:38:12,1775378292,CRASH900,20743.351,1,0.01900000000023283,BACKFILL_AUTO
2026-04-05 08:38:13,1775378293,CRASH900,20743.362,1,0.011000000002240995,BACKFILL_AUTO
2026-04-05 08:38:14,1775378294,CRASH900,20743.365,1,0.0030000000006111804,BACKFILL_AUTO
2026-04-05 08:38:15,1775378295,CRASH900,20743.405,1,0.039999999997235136,BACKFILL_AUTO
2026-04-05 08:38:16,1775378296,CRASH900,20743.429,1,0.024000000001251465,BACKFILL_AUTO
2026-04-05 08:38:17,1775378297,CRASH900,20743.43,1,0.0010000000002037268,BACKFILL_AUTO
2026-04-05 08:38:18,1775378298,CRASH900,20743.458,1,0.027999999998428393,BACKFILL_AUTO
2026-04-05 08:38:19,1775378299,CRASH900,20743.482,1,0.024000000001251465,BACKFILL_AUTO
2026-04-05 08:38:20,1775378300,CRASH900,20743.511,1,0.02899999999863212,BACKFILL_AUTO
2026-04-05 08:38:21,1775378301,CRASH900,20743.533,1,0.02200000000084401,BACKFILL_AUTO
2026-04-05 08:38:22,1775378302,CRASH900,20743.556,1,0.023000000001047738,BACKFILL_AUTO
2026-04-05 08:38:23,1775378303,CRASH900,20743.574,1,0.018000000000029104,BACKFILL_AUTO
2026-04-05 08:38:24,1775378304,CRASH900,20743.575,1,0.0010000000002037268,BACKFILL_AUTO
2026-04-05 08:38:25,1775378305,CRASH900,20743.602,1,0.026999999998224666,BACKFILL_AUTO
2026-04-05 08:38:26,1775378306,CRASH900,20743.625,1,0.023000000001047738,BACKFILL_AUTO
2026-04-05 08:38:27,1775378307,CRASH900,20743.643,1,0.018000000000029104,BACKFILL_AUTO
2026-04-05 08:38:28,1775378308,CRASH900,20743.663,1,0.020000000000436557,BACKFILL_AUTO
2026-04-05 08:38:29,1775378309,CRASH900,20743.703,1,0.040000000000873115,BACKFILL_AUTO
2026-04-05 08:38:30,1775378310,CRASH900,20743.724,1,0.020999999997002305,BACKFILL_AUTO
2026-04-05 08:38:31,1775378311,CRASH900,20743.75,1,0.02600000000165892,BACKFILL_AUTO
2026-04-05 08:38:32,1775378312,CRASH900,20743.763,1,0.01299999999901047,BACKFILL_AUTO
2026-04-05 08:38:33,1775378313,CRASH900,20743.789,1,0.02600000000165892,BACKFILL_AUTO
2026-04-05 08:38:34,1775378314,CRASH900,20743.799,1,0.00999999999839929,BACKFILL_AUTO
2026-04-05 08:38:35,1775378315,CRASH900,20743.807,1,0.008000000001629815,BACKFILL_AUTO
2026-04-05 08:38:36,1775378316,CRASH900,20743.81,1,0.0030000000006111804,BACKFILL_AUTO
2026-04-05 08:38:37,1775378317,CRASH900,20743.82,1,0.00999999999839929,BACKFILL_AUTO
2026-04-05 08:38:38,1775378318,CRASH900,20743.864,1,0.04400000000168802,BACKFILL_AUTO
2026-04-05 08:38:39,1775378319,CRASH900,20743.882,1,0.018000000000029104,BACKFILL_AUTO
2026-04-05 08:38:40,1775378320,CRASH900,20743.891,1,0.008999999998195563,BACKFILL_AUTO
2026-04-05 08:38:41,1775378321,CRASH900,20743.898,1,0.007000000001426088,BACKFILL_AUTO
2026-04-05 08:38:42,1775378322,CRASH900,20743.911,1,0.01299999999901047,BACKFILL_AUTO
2026-04-05 08:38:43,1775378323,CRASH900,20743.93,1,0.01900000000023283,BACKFILL_AUTO
2026-04-05 08:38:44,1775378324,CRASH900,20743.938,1,0.007999999997991836,BACKFILL_AUTO
2026-04-05 08:38:45,1775378325,CRASH900,20743.952,1,0.014000000002852175,BACKFILL_AUTO
2026-04-05 08:38:46,1775378326,CRASH900,20743.985,1,0.03299999999944703,BACKFILL_AUTO
2026-04-05 08:38:47,1775378327,CRASH900,20744.016,1,0.030999999999039574,BACKFILL_AUTO
2026-04-05 08:38:48,1775378328,CRASH900,20744.047,1,0.030999999999039574,BACKFILL_AUTO
2026-04-05 08:38:49,1775378329,CRASH900,20744.053,1,0.006000000001222361,BACKFILL_AUTO
2026-04-05 08:38:50,1775378330,CRASH900,20744.054,1,0.0010000000002037268,BACKFILL_AUTO
2026-04-05 08:38:51,1775378331,CRASH900,20744.063,1,0.008999999998195563,BACKFILL_AUTO
2026-04-05 08:38:52,1775378332,CRASH900,20744.072,1,0.009000000001833541,BACKFILL_AUTO
2026-04-05 08:38:53,1775378333,CRASH900,20744.083,1,0.010999999998603016,BACKFILL_AUTO
2026-04-05 08:38:54,1775378334,CRASH900,20744.093,1,0.010000000002037268,BACKFILL_AUTO
2026-04-05 08:38:55,1775378335,CRASH900,20744.1,1,0.006999999997788109,BACKFILL_AUTO
2026-04-05 08:38:56,1775378336,CRASH900,20744.118,1,0.018000000000029104,BACKFILL_AUTO
2026-04-05 08:38:57,1775378337,CRASH900,20744.155,1,0.037000000000261934,BACKFILL_AUTO
2026-04-05 08:38:58,1775378338,CRASH900,20744.177,1,0.02200000000084401,BACKFILL_AUTO
2026-04-05 08:38:59,1775378339,CRASH900,20744.18,1,0.0030000000006111804,BACKFILL_AUTO
2026-04-05 08:39:00,1775378340,CRASH900,20744.2,1,0.020000000000436557,BACKFILL_AUTO
2026-04-05 08:39:01,1775378341,CRASH900,20744.231,1,0.030999999999039574,BACKFILL_AUTO
2026-04-05 08:39:02,1775378342,CRASH900,20744.262,1,0.030999999999039574,BACKFILL_AUTO
2026-04-05 08:39:03,1775378343,CRASH900,20744.281,1,0.01900000000023283,BACKFILL_AUTO
2026-04-05 08:39:04,1775378344,CRASH900,20744.33,1,0.049000000002706656,BACKFILL_AUTO
2026-04-05 08:39:05,1775378345,CRASH900,20744.354,1,0.023999999997613486,BACKFILL_AUTO
2026-04-05 08:39:06,1775378346,CRASH900,20744.369,1,0.014999999999417923,BACKFILL_AUTO
2026-04-05 08:39:07,1775378347,CRASH900,20744.381,1,0.012000000002444722,BACKFILL_AUTO
2026-04-05 08:39:08,1775378348,CRASH900,20744.383,1,0.0020000000004074536,BACKFILL_AUTO
2026-04-05 08:39:09,1775378349,CRASH900,20744.406,1,0.02299999999740976,BACKFILL_AUTO
2026-04-05 08:39:10,1775378350,CRASH900,20744.435,1,0.0290000000022701,BACKFILL_AUTO
2026-04-05 08:39:11,1775378351,CRASH900,20744.469,1,0.033999999999650754,BACKFILL_AUTO
2026-04-05 08:39:12,1775378352,CRASH900,20744.476,1,0.006999999997788109,BACKFILL_AUTO
2026-04-05 08:39:13,1775378353,CRASH900,20744.48,1,0.004000000000814907,BACKFILL_AUTO
2026-04-05 08:39:14,1775378354,CRASH900,20744.489,1,0.009000000001833541,BACKFILL_AUTO
2026-04-05 08:39:15,1775378355,CRASH900,20744.495,1,0.005999999997584382,BACKFILL_AUTO
2026-04-05 08:39:16,1775378356,CRASH900,20744.531,1,0.03600000000005821,BACKFILL_AUTO
2026-04-05 08:39:17,1775378357,CRASH900,20744.535,1,0.004000000000814907,BACKFILL_AUTO
2026-04-05 08:39:18,1775378358,CRASH900,20744.555,1,0.020000000000436557,BACKFILL_AUTO
2026-04-05 08:39:19,1775378359,CRASH900,20744.565,1,0.00999999999839929,BACKFILL_AUTO
2026-04-05 08:39:20,1775378360,CRASH900,20744.567,1,0.0020000000004074536,BACKFILL_AUTO
2026-04-05 08:39:21,1775378361,CRASH900,20744.572,1,0.005000000001018634,BACKFILL_AUTO
2026-04-05 08:39:22,1775378362,CRASH900,20744.595,1,0.023000000001047738,BACKFILL_AUTO
2026-04-05 08:39:23,1775378363,CRASH900,20744.631,1,0.03600000000005821,BACKFILL_AUTO
2026-04-05 08:39:24,1775378364,CRASH900,20744.657,1,0.02599999999802094,BACKFILL_AUTO
2026-04-05 08:39:25,1775378365,CRASH900,20744.675,1,0.018000000000029104,BACKFILL_AUTO
2026-04-05 08:39:26,1775378366,CRASH900,20744.68,1,0.005000000001018634,BACKFILL_AUTO
2026-04-05 08:39:27,1775378367,CRASH900,20744.682,1,0.0020000000004074536,BACKFILL_AUTO
2026-04-05 08:39:28,1775378368,CRASH900,20744.69,1,0.007999999997991836,BACKFILL_AUTO
2026-04-05 08:39:29,1775378369,CRASH900,20744.726,1,0.03600000000005821,BACKFILL_AUTO
2026-04-05 08:39:30,1775378370,CRASH900,20744.743,1,0.016999999999825377,BACKFILL_AUTO
2026-04-05 08:39:31,1775378371,CRASH900,20744.748,1,0.005000000001018634,BACKFILL_AUTO
2026-04-05 08:39:32,1775378372,CRASH900,20744.778,1,0.029999999998835847,BACKFILL_AUTO
2026-04-05 08:39:33,1775378373,CRASH900,20744.821,1,0.043000000001484295,BACKFILL_AUTO
2026-04-05 08:39:34,1775378374,CRASH900,20744.824,1,0.0030000000006111804,BACKFILL_AUTO
2026-04-05 08:39:35,1775378375,CRASH900,20744.854,1,0.029999999998835847,BACKFILL_AUTO
2026-04-05 08:39:36,1775378376,CRASH900,20744.866,1,0.012000000002444722,BACKFILL_AUTO
2026-04-05 08:39:37,1775378377,CRASH900,20744.902,1,0.03599999999642023,BACKFILL_AUTO
2026-04-05 08:39:38,1775378378,CRASH900,20744.911,1,0.009000000001833541,BACKFILL_AUTO
2026-04-05 08:39:39,1775378379,CRASH900,20744.954,1,0.043000000001484295,BACKFILL_AUTO
2026-04-05 08:39:40,1775378380,CRASH900,20744.982,1,0.027999999998428393,BACKFILL_AUTO
2026-04-05 08:39:41,1775378381,CRASH900,20744.997,1,0.014999999999417923,BACKFILL_AUTO
2026-04-05 08:39:42,1775378382,CRASH900,20745.022,1,0.02500000000145519,BACKFILL_AUTO
2026-04-05 08:39:43,1775378383,CRASH900,20745.071,1,0.04899999999906868,BACKFILL_AUTO
2026-04-05 08:39:44,1775378384,CRASH900,20745.091,1,0.020000000000436557,BACKFILL_AUTO
2026-04-05 08:39:45,1775378385,CRASH900,20745.132,1,0.04100000000107684,BACKFILL_AUTO
2026-04-05 08:39:46,1775378386,CRASH900,20745.152,1,0.01999999999679858,BACKFILL_AUTO
2026-04-05 08:39:47,1775378387,CRASH900,20745.197,1,0.04500000000189175,BACKFILL_AUTO
2026-04-05 08:39:48,1775378388,CRASH900,20745.204,1,0.007000000001426088,BACKFILL_AUTO
2026-04-05 08:39:49,1775378389,CRASH900,20745.22,1,0.01599999999962165,BACKFILL_AUTO
2026-04-05 08:39:50,1775378390,CRASH900,20745.221,1,0.0010000000002037268,BACKFILL_AUTO
2026-04-05 08:39:51,1775378391,CRASH900,20745.224,1,0.0029999999969732016,BACKFILL_AUTO
2026-04-05 08:39:52,1775378392,CRASH900,20745.246,1,0.02200000000084401,BACKFILL_AUTO
2026-04-05 08:39:53,1775378393,CRASH900,20745.311,1,0.0650000000023283,BACKFILL_AUTO
2026-04-05 08:39:54,1775378394,CRASH900,20745.32,1,0.008999999998195563,BACKFILL_AUTO
2026-04-05 08:39:55,1775378395,CRASH900,20745.333,1,0.01299999999901047,BACKFILL_AUTO
2026-04-05 08:39:56,1775378396,CRASH900,20745.364,1,0.031000000002677552,BACKFILL_AUTO
2026-04-05 08:39:57,1775378397,CRASH900,20745.367,1,0.0029999999969732016,BACKFILL_AUTO
2026-04-05 08:39:58,1775378398,CRASH900,20745.386,1,0.01900000000023283,BACKFILL_AUTO
2026-04-05 08:39:59,1775378399,CRASH900,20745.396,1,0.010000000002037268,BACKFILL_AUTO
2026-04-05 08:40:00,1775378400,CRASH900,20745.405,1,0.008999999998195563,BACKFILL_AUTO
2026-04-05 08:40:01,1775378401,CRASH900,20745.432,1,0.027000000001862645,BACKFILL_AUTO
2026-04-05 08:40:02,1775378402,CRASH900,20745.441,1,0.008999999998195563,BACKFILL_AUTO
2026-04-05 08:40:03,1775378403,CRASH900,20745.465,1,0.024000000001251465,BACKFILL_AUTO
2026-04-05 08:40:04,1775378404,CRASH900,20745.474,1,0.008999999998195563,BACKFILL_AUTO
2026-04-05 08:40:05,1775378405,CRASH900,20745.491,1,0.017000000003463356,BACKFILL_AUTO
2026-04-05 08:40:06,1775378406,CRASH900,20745.52,1,0.02899999999863212,BACKFILL_AUTO
2026-04-05 08:40:07,1775378407,CRASH900,20745.529,1,0.008999999998195563,BACKFILL_AUTO
2026-04-05 08:40:08,1775378408,CRASH900,20745.562,1,0.033000000003085006,BACKFILL_AUTO
2026-04-05 08:40:09,1775378409,CRASH900,20745.566,1,0.0039999999971769284,BACKFILL_AUTO
2026-04-05 08:40:10,1775378410,CRASH900,20745.568,1,0.0020000000004074536,BACKFILL_AUTO
2026-04-05 08:40:11,1775378411,CRASH900,20745.571,1,0.0030000000006111804,BACKFILL_AUTO
2026-04-05 08:40:12,1775378412,CRASH900,20718.75,-1,26.820999999999913,BACKFILL_AUTO
2026-04-05 08:40:13,1775378413,CRASH900,20718.751,1,0.0010000000002037268,BACKFILL_AUTO
2026-04-05 08:40:14,1775378414,CRASH900,20718.77,1,0.01900000000023283,BACKFILL_AUTO
2026-04-05 08:40:15,1775378415,CRASH900,20718.816,1,0.0459999999984575,BACKFILL_AUTO
2026-04-05 08:40:16,1775378416,CRASH900,20718.817,1,0.0010000000002037268,BACKFILL_AUTO
2026-04-05 08:40:17,1775378417,CRASH900,20718.851,1,0.033999999999650754,BACKFILL_AUTO
2026-04-05 08:40:18,1775378418,CRASH900,20718.908,1,0.05700000000069849,BACKFILL_AUTO
2026-04-05 08:40:19,1775378419,CRASH900,20718.934,1,0.02600000000165892,BACKFILL_AUTO
2026-04-05 08:40:20,1775378420,CRASH900,20718.945,1,0.010999999998603016,BACKFILL_AUTO
2026-04-05 08:40:21,1775378421,CRASH900,20718.946,1,0.0010000000002037268,BACKFILL_AUTO
2026-04-05 08:40:22,1775378422,CRASH900,20718.965,1,0.01900000000023283,BACKFILL_AUTO
2026-04-05 08:40:23,1775378423,CRASH900,20719.006,1,0.04100000000107684,BACKFILL_AUTO
2026-04-05 08:40:24,1775378424,CRASH900,20719.029,1,0.02299999999740976,BACKFILL_AUTO
2026-04-05 08:40:25,1775378425,CRASH900,20719.033,1,0.004000000000814907,BACKFILL_AUTO
2026-04-05 08:40:26,1775378426,CRASH900,20719.049,1,0.01599999999962165,BACKFILL_AUTO
2026-04-05 08:40:27,1775378427,CRASH900,20719.074,1,0.02500000000145519,BACKFILL_AUTO
2026-04-05 08:40:28,1775378428,CRASH900,20719.113,1,0.03900000000066939,BACKFILL_AUTO
2026-04-05 08:40:29,1775378429,CRASH900,20719.138,1,0.024999999997817213,BACKFILL_AUTO
2026-04-05 08:40:30,1775378430,CRASH900,20719.179,1,0.04100000000107684,BACKFILL_AUTO
2026-04-05 08:40:31,1775378431,CRASH900,20719.21,1,0.030999999999039574,BACKFILL_AUTO
2026-04-05 08:40:32,1775378432,CRASH900,20719.221,1,0.011000000002240995,BACKFILL_AUTO
2026-04-05 08:40:33,1775378433,CRASH900,20719.234,1,0.01299999999901047,BACKFILL_AUTO
2026-04-05 08:40:34,1775378434,CRASH900,20719.237,1,0.0030000000006111804,BACKFILL_AUTO
2026-04-05 08:40:35,1775378435,CRASH900,20719.243,1,0.005999999997584382,BACKFILL_AUTO
2026-04-05 08:40:36,1775378436,CRASH900,20719.275,1,0.03200000000288128,BACKFILL_AUTO
2026-04-05 08:40:37,1775378437,CRASH900,20719.304,1,0.02899999999863212,BACKFILL_AUTO
2026-04-05 08:40:38,1775378438,CRASH900,20719.32,1,0.01599999999962165,BACKFILL_AUTO
2026-04-05 08:40:39,1775378439,CRASH900,20719.338,1,0.018000000000029104,BACKFILL_AUTO
2026-04-05 08:40:40,1775378440,CRASH900,20719.34,1,0.0020000000004074536,BACKFILL_AUTO
2026-04-05 08:40:41,1775378441,CRASH900,20719.355,1,0.014999999999417923,BACKFILL_AUTO
2026-04-05 08:40:42,1775378442,CRASH900,20719.381,1,0.02600000000165892,BACKFILL_AUTO
2026-04-05 08:40:43,1775378443,CRASH900,20719.4,1,0.01900000000023283,BACKFILL_AUTO
2026-04-05 08:40:44,1775378444,CRASH900,20719.408,1,0.007999999997991836,BACKFILL_AUTO
2026-04-05 08:40:45,1775378445,CRASH900,20719.423,1,0.014999999999417923,BACKFILL_AUTO
2026-04-05 08:40:46,1775378446,CRASH900,20719.473,1,0.05000000000291038,BACKFILL_AUTO
2026-04-05 08:40:47,1775378447,CRASH900,20719.482,1,0.008999999998195563,BACKFILL_AUTO
2026-04-05 08:40:48,1775378448,CRASH900,20719.51,1,0.027999999998428393,BACKFILL_AUTO
2026-04-05 08:40:49,1775378449,CRASH900,20719.536,1,0.02600000000165892,BACKFILL_AUTO
2026-04-05 08:40:50,1775378450,CRASH900,20719.547,1,0.010999999998603016,BACKFILL_AUTO
2026-04-05 08:40:51,1775378451,CRASH900,20719.592,1,0.04500000000189175,BACKFILL_AUTO
2026-04-05 08:40:52,1775378452,CRASH900,20719.62,1,0.027999999998428393,BACKFILL_AUTO
2026-04-05 08:40:53,1775378453,CRASH900,20719.655,1,0.03499999999985448,BACKFILL_AUTO
2026-04-05 08:40:54,1775378454,CRASH900,20719.666,1,0.011000000002240995,BACKFILL_AUTO
2026-04-05 08:40:55,1775378455,CRASH900,20719.706,1,0.039999999997235136,BACKFILL_AUTO
2026-04-05 08:40:56,1775378456,CRASH900,20719.744,1,0.03800000000046566,BACKFILL_AUTO
2026-04-05 08:40:57,1775378457,CRASH900,20719.77,1,0.02600000000165892,BACKFILL_AUTO
2026-04-05 08:40:58,1775378458,CRASH900,20719.789,1,0.01900000000023283,BACKFILL_AUTO
2026-04-05 08:40:59,1775378459,CRASH900,20719.81,1,0.021000000000640284,BACKFILL_AUTO
2026-04-05 08:41:00,1775378460,CRASH900,20719.861,1,0.05099999999947613,BACKFILL_AUTO
2026-04-05 08:41:01,1775378461,CRASH900,20719.921,1,0.059999999997671694,BACKFILL_AUTO
2026-04-05 08:41:02,1775378462,CRASH900,20719.922,1,0.0010000000002037268,BACKFILL_AUTO
2026-04-05 08:41:03,1775378463,CRASH900,20719.956,1,0.033999999999650754,BACKFILL_AUTO
2026-04-05 08:41:04,1775378464,CRASH900,20719.97,1,0.014000000002852175,BACKFILL_AUTO
2026-04-05 08:41:05,1775378465,CRASH900,20720.003,1,0.03299999999944703,BACKFILL_AUTO
2026-04-05 08:41:06,1775378466,CRASH900,20720.034,1,0.030999999999039574,BACKFILL_AUTO
2026-04-05 08:41:07,1775378467,CRASH900,20720.05,1,0.01599999999962165,BACKFILL_AUTO
2026-04-05 08:41:08,1775378468,CRASH900,20720.082,1,0.0319999999992433,BACKFILL_AUTO
2026-04-05 08:41:09,1775378469,CRASH900,20720.086,1,0.004000000000814907,BACKFILL_AUTO
2026-04-05 08:41:10,1775378470,CRASH900,20720.132,1,0.046000000002095476,BACKFILL_AUTO
2026-04-05 08:41:11,1775378471,CRASH900,20720.152,1,0.01999999999679858,BACKFILL_AUTO
2026-04-05 08:41:12,1775378472,CRASH900,20720.189,1,0.037000000000261934,BACKFILL_AUTO
2026-04-05 08:41:13,1775378473,CRASH900,20720.205,1,0.01600000000325963,BACKFILL_AUTO
2026-04-05 08:41:14,1775378474,CRASH900,20720.211,1,0.005999999997584382,BACKFILL_AUTO
2026-04-05 08:41:15,1775378475,CRASH900,20720.231,1,0.020000000000436557,BACKFILL_AUTO
2026-04-05 08:41:16,1775378476,CRASH900,20720.268,1,0.037000000000261934,BACKFILL_AUTO
2026-04-05 08:41:17,1775378477,CRASH900,20720.305,1,0.037000000000261934,BACKFILL_AUTO
2026-04-05 08:41:18,1775378478,CRASH900,20720.331,1,0.02599999999802094,BACKFILL_AUTO
2026-04-05 08:41:19,1775378479,CRASH900,20720.367,1,0.03600000000005821,BACKFILL_AUTO
2026-04-05 08:41:20,1775378480,CRASH900,20720.37,1,0.0030000000006111804,BACKFILL_AUTO
2026-04-05 08:41:21,1775378481,CRASH900,20720.388,1,0.018000000000029104,BACKFILL_AUTO
2026-04-05 08:41:22,1775378482,CRASH900,20720.424,1,0.03600000000005821,BACKFILL_AUTO
2026-04-05 08:41:23,1775378483,CRASH900,20720.434,1,0.010000000002037268,BACKFILL_AUTO
2026-04-05 08:41:24,1775378484,CRASH900,20720.448,1,0.013999999999214197,BACKFILL_AUTO
2026-04-05 08:41:25,1775378485,CRASH900,20720.473,1,0.02500000000145519,BACKFILL_AUTO
2026-04-05 08:41:26,1775378486,CRASH900,20720.525,1,0.05199999999967986,BACKFILL_AUTO
2026-04-05 08:41:27,1775378487,CRASH900,20720.56,1,0.03499999999985448,BACKFILL_AUTO
2026-04-05 08:41:28,1775378488,CRASH900,20720.561,1,0.0010000000002037268,BACKFILL_AUTO
2026-04-05 08:41:29,1775378489,CRASH900,20720.563,1,0.001999999996769475,BACKFILL_AUTO
2026-04-05 08:41:30,1775378490,CRASH900,20720.582,1,0.01900000000023283,BACKFILL_AUTO
2026-04-05 08:41:31,1775378491,CRASH900,20720.591,1,0.009000000001833541,BACKFILL_AUTO
2026-04-05 08:41:32,1775378492,CRASH900,20720.605,1,0.013999999999214197,BACKFILL_AUTO
2026-04-05 08:41:33,1775378493,CRASH900,20720.664,1,0.059000000001105946,BACKFILL_AUTO
2026-04-05 08:41:34,1775378494,CRASH900,20720.69,1,0.02599999999802094,BACKFILL_AUTO
2026-04-05 08:41:35,1775378495,CRASH900,20720.703,1,0.013000000002648449,BACKFILL_AUTO
2026-04-05 08:41:36,1775378496,CRASH900,20720.725,1,0.021999999997206032,BACKFILL_AUTO
2026-04-05 08:41:37,1775378497,CRASH900,20720.765,1,0.040000000000873115,BACKFILL_AUTO
2026-04-05 08:41:38,1775378498,CRASH900,20720.773,1,0.008000000001629815,BACKFILL_AUTO
2026-04-05 08:41:39,1775378499,CRASH900,20720.789,1,0.01599999999962165,BACKFILL_AUTO
2026-04-05 08:41:40,1775378500,CRASH900,20720.8,1,0.010999999998603016,BACKFILL_AUTO
2026-04-05 08:41:41,1775378501,CRASH900,20720.825,1,0.02500000000145519,BACKFILL_AUTO
2026-04-05 08:41:42,1775378502,CRASH900,20720.845,1,0.020000000000436557,BACKFILL_AUTO
2026-04-05 08:41:43,1775378503,CRASH900,20720.879,1,0.033999999999650754,BACKFILL_AUTO
2026-04-05 08:41:44,1775378504,CRASH900,20720.887,1,0.007999999997991836,BACKFILL_AUTO
2026-04-05 08:41:45,1775378505,CRASH900,20720.899,1,0.012000000002444722,BACKFILL_AUTO
2026-04-05 08:41:46,1775378506,CRASH900,20720.901,1,0.0020000000004074536,BACKFILL_AUTO
2026-04-05 08:41:47,1775378507,CRASH900,20720.912,1,0.010999999998603016,BACKFILL_AUTO
2026-04-05 08:41:48,1775378508,CRASH900,20720.917,1,0.005000000001018634,BACKFILL_AUTO
2026-04-05 08:41:49,1775378509,CRASH900,20720.933,1,0.01599999999962165,BACKFILL_AUTO
2026-04-05 08:41:50,1775378510,CRASH900,20720.965,1,0.0319999999992433,BACKFILL_AUTO
2026-04-05 08:41:51,1775378511,CRASH900,20720.968,1,0.0030000000006111804,BACKFILL_AUTO
2026-04-05 08:41:52,1775378512,CRASH900,20721.004,1,0.03600000000005821,BACKFILL_AUTO
2026-04-05 08:41:53,1775378513,CRASH900,20721.009,1,0.004999999997380655,BACKFILL_AUTO
2026-04-05 08:41:54,1775378514,CRASH900,20721.009,0,0.0,BACKFILL_AUTO
2026-04-05 08:41:55,1775378515,CRASH900,20721.058,1,0.049000000002706656,BACKFILL_AUTO
2026-04-05 08:41:56,1775378516,CRASH900,20721.078,1,0.020000000000436557,BACKFILL_AUTO
2026-04-05 08:41:57,1775378517,CRASH900,20721.12,1,0.04199999999764259,BACKFILL_AUTO
2026-04-05 08:41:58,1775378518,CRASH900,20721.134,1,0.013999999999214197,BACKFILL_AUTO
2026-04-05 08:41:59,1775378519,CRASH900,20721.182,1,0.04800000000250293,BACKFILL_AUTO
2026-04-05 08:42:00,1775378520,CRASH900,20721.188,1,0.005999999997584382,BACKFILL_AUTO
2026-04-05 08:42:01,1775378521,CRASH900,20721.207,1,0.01900000000023283,BACKFILL_AUTO
2026-04-05 08:42:02,1775378522,CRASH900,20721.207,0,0.0,BACKFILL_AUTO
2026-04-05 08:42:03,1775378523,CRASH900,20721.22,1,0.013000000002648449,BACKFILL_AUTO
2026-04-05 08:42:04,1775378524,CRASH900,20721.221,1,0.0010000000002037268,BACKFILL_AUTO
2026-04-05 08:42:05,1775378525,CRASH900,20721.229,1,0.007999999997991836,BACKFILL_AUTO
2026-04-05 08:42:06,1775378526,CRASH900,20721.244,1,0.014999999999417923,BACKFILL_AUTO
2026-04-05 08:42:07,1775378527,CRASH900,20721.253,1,0.009000000001833541,BACKFILL_AUTO
2026-04-05 08:42:08,1775378528,CRASH900,20721.26,1,0.006999999997788109,BACKFILL_AUTO
2026-04-05 08:42:09,1775378529,CRASH900,20721.27,1,0.010000000002037268,BACKFILL_AUTO
2026-04-05 08:42:10,1775378530,CRASH900,20721.284,1,0.013999999999214197,BACKFILL_AUTO
2026-04-05 08:42:11,1775378531,CRASH900,20721.286,1,0.0020000000004074536,BACKFILL_AUTO
2026-04-05 08:42:12,1775378532,CRASH900,20721.286,0,0.0,BACKFILL_AUTO
2026-04-05 08:42:13,1775378533,CRASH900,20721.33,1,0.04400000000168802,BACKFILL_AUTO
2026-04-05 08:42:14,1775378534,CRASH900,20721.349,1,0.018999999996594852,BACKFILL_AUTO
2026-04-05 08:42:15,1775378535,CRASH900,20721.384,1,0.03499999999985448,BACKFILL_AUTO
2026-04-05 08:42:16,1775378536,CRASH900,20721.417,1,0.033000000003085006,BACKFILL_AUTO
2026-04-05 08:42:17,1775378537,CRASH900,20721.434,1,0.016999999999825377,BACKFILL_AUTO
2026-04-05 08:42:18,1775378538,CRASH900,20721.44,1,0.005999999997584382,BACKFILL_AUTO
2026-04-05 08:42:19,1775378539,CRASH900,20721.464,1,0.024000000001251465,BACKFILL_AUTO
2026-04-05 08:42:20,1775378540,CRASH900,20721.496,1,0.0319999999992433,BACKFILL_AUTO
2026-04-05 08:42:21,1775378541,CRASH900,20721.547,1,0.05099999999947613,BACKFILL_AUTO
2026-04-05 08:42:22,1775378542,CRASH900,20721.565,1,0.018000000000029104,BACKFILL_AUTO
2026-04-05 08:42:23,1775378543,CRASH900,20721.593,1,0.028000000002066372,BACKFILL_AUTO
2026-04-05 08:42:24,1775378544,CRASH900,20721.622,1,0.02899999999863212,BACKFILL_AUTO
2026-04-05 08:42:25,1775378545,CRASH900,20721.631,1,0.009000000001833541,BACKFILL_AUTO
2026-04-05 08:42:26,1775378546,CRASH900,20721.638,1,0.006999999997788109,BACKFILL_AUTO
2026-04-05 08:42:27,1775378547,CRASH900,20721.672,1,0.033999999999650754,BACKFILL_AUTO
2026-04-05 08:42:28,1775378548,CRASH900,20721.704,1,0.03200000000288128,BACKFILL_AUTO
2026-04-05 08:42:29,1775378549,CRASH900,20721.716,1,0.011999999998806743,BACKFILL_AUTO
2026-04-05 08:42:30,1775378550,CRASH900,20721.716,0,0.0,BACKFILL_AUTO
2026-04-05 08:42:31,1775378551,CRASH900,20721.768,1,0.05199999999967986,BACKFILL_AUTO
2026-04-05 08:42:32,1775378552,CRASH900,20721.79,1,0.02200000000084401,BACKFILL_AUTO
2026-04-05 08:42:33,1775378553,CRASH900,20721.807,1,0.016999999999825377,BACKFILL_AUTO
2026-04-05 08:42:34,1775378554,CRASH900,20721.828,1,0.021000000000640284,BACKFILL_AUTO
2026-04-05 08:42:35,1775378555,CRASH900,20721.855,1,0.026999999998224666,BACKFILL_AUTO
2026-04-05 08:42:36,1775378556,CRASH900,20721.903,1,0.04799999999886495,BACKFILL_AUTO
2026-04-05 08:42:37,1775378557,CRASH900,20721.92,1,0.016999999999825377,BACKFILL_AUTO
2026-04-05 08:42:38,1775378558,CRASH900,20721.926,1,0.006000000001222361,BACKFILL_AUTO
2026-04-05 08:42:39,1775378559,CRASH900,20721.952,1,0.02600000000165892,BACKFILL_AUTO
2026-04-05 08:42:40,1775378560,CRASH900,20721.98,1,0.027999999998428393,BACKFILL_AUTO
2026-04-05 08:42:41,1775378561,CRASH900,20721.984,1,0.004000000000814907,BACKFILL_AUTO
2026-04-05 08:42:42,1775378562,CRASH900,20722.022,1,0.03800000000046566,BACKFILL_AUTO
2026-04-05 08:42:43,1775378563,CRASH900,20722.049,1,0.026999999998224666,BACKFILL_AUTO
2026-04-05 08:42:44,1775378564,CRASH900,20722.08,1,0.031000000002677552,BACKFILL_AUTO
2026-04-05 08:42:45,1775378565,CRASH900,20722.157,1,0.07699999999749707,BACKFILL_AUTO
2026-04-05 08:42:46,1775378566,CRASH900,20722.169,1,0.012000000002444722,BACKFILL_AUTO
2026-04-05 08:42:47,1775378567,CRASH900,20722.187,1,0.018000000000029104,BACKFILL_AUTO
2026-04-05 08:42:48,1775378568,CRASH900,20722.212,1,0.024999999997817213,BACKFILL_AUTO
2026-04-05 08:42:49,1775378569,CRASH900,20722.216,1,0.004000000000814907,BACKFILL_AUTO
2026-04-05 08:42:50,1775378570,CRASH900,20722.246,1,0.029999999998835847,BACKFILL_AUTO
2026-04-05 08:42:51,1775378571,CRASH900,20722.272,1,0.02600000000165892,BACKFILL_AUTO
2026-04-05 08:42:52,1775378572,CRASH900,20722.317,1,0.04499999999825377,BACKFILL_AUTO
2026-04-05 08:42:53,1775378573,CRASH900,20722.364,1,0.0470000000022992,BACKFILL_AUTO
2026-04-05 08:42:54,1775378574,CRASH900,20722.396,1,0.0319999999992433,BACKFILL_AUTO
2026-04-05 08:42:55,1775378575,CRASH900,20722.4,1,0.004000000000814907,BACKFILL_AUTO
2026-04-05 08:42:56,1775378576,CRASH900,20722.407,1,0.006999999997788109,BACKFILL_AUTO
2026-04-05 08:42:57,1775378577,CRASH900,20722.425,1,0.018000000000029104,BACKFILL_AUTO
2026-04-05 08:42:58,1775378578,CRASH900,20722.431,1,0.006000000001222361,BACKFILL_AUTO
2026-04-05 08:42:59,1775378579,CRASH900,20722.434,1,0.0030000000006111804,BACKFILL_AUTO
2026-04-05 08:43:00,1775378580,CRASH900,20722.443,1,0.008999999998195563,BACKFILL_AUTO
2026-04-05 08:43:01,1775378581,CRASH900,20722.453,1,0.010000000002037268,BACKFILL_AUTO
2026-04-05 08:43:02,1775378582,CRASH900,20722.464,1,0.010999999998603016,BACKFILL_AUTO
2026-04-05 08:43:03,1775378583,CRASH900,20722.514,1,0.049999999999272404,BACKFILL_AUTO
2026-04-05 08:43:04,1775378584,CRASH900,20722.544,1,0.030000000002473826,BACKFILL_AUTO
2026-04-05 08:43:05,1775378585,CRASH900,20722.573,1,0.02899999999863212,BACKFILL_AUTO
2026-04-05 08:43:06,1775378586,CRASH900,20722.592,1,0.01900000000023283,BACKFILL_AUTO
2026-04-05 08:43:07,1775378587,CRASH900,20722.62,1,0.027999999998428393,BACKFILL_AUTO
2026-04-05 08:43:08,1775378588,CRASH900,20722.645,1,0.02500000000145519,BACKFILL_AUTO
2026-04-05 08:43:09,1775378589,CRASH900,20722.673,1,0.027999999998428393,BACKFILL_AUTO
2026-04-05 08:43:10,1775378590,CRASH900,20722.683,1,0.010000000002037268,BACKFILL_AUTO
2026-04-05 08:43:11,1775378591,CRASH900,20722.695,1,0.011999999998806743,BACKFILL_AUTO
2026-04-05 08:43:12,1775378592,CRASH900,20722.734,1,0.03900000000066939,BACKFILL_AUTO
2026-04-05 08:43:13,1775378593,CRASH900,20722.795,1,0.06099999999787542,BACKFILL_AUTO
2026-04-05 08:43:14,1775378594,CRASH900,20722.796,1,0.0010000000002037268,BACKFILL_AUTO
2026-04-05 08:43:15,1775378595,CRASH900,20722.819,1,0.023000000001047738,BACKFILL_AUTO
2026-04-05 08:43:16,1775378596,CRASH900,20722.853,1,0.033999999999650754,BACKFILL_AUTO
2026-04-05 08:43:17,1775378597,CRASH900,20722.862,1,0.009000000001833541,BACKFILL_AUTO
2026-04-05 08:43:18,1775378598,CRASH900,20722.881,1,0.01900000000023283,BACKFILL_AUTO
2026-04-05 08:43:19,1775378599,CRASH900,20722.923,1,0.04199999999764259,BACKFILL_AUTO
2026-04-05 08:43:20,1775378600,CRASH900,20722.971,1,0.04800000000250293,BACKFILL_AUTO
2026-04-05 08:43:21,1775378601,CRASH900,20723.027,1,0.055999999996856786,BACKFILL_AUTO
2026-04-05 08:43:22,1775378602,CRASH900,20723.034,1,0.007000000001426088,BACKFILL_AUTO
2026-04-05 08:43:23,1775378603,CRASH900,20723.049,1,0.014999999999417923,BACKFILL_AUTO
2026-04-05 08:43:24,1775378604,CRASH900,20723.094,1,0.04500000000189175,BACKFILL_AUTO
2026-04-05 08:43:25,1775378605,CRASH900,20723.138,1,0.04399999999805004,BACKFILL_AUTO
2026-04-05 08:43:26,1775378606,CRASH900,20723.165,1,0.027000000001862645,BACKFILL_AUTO
2026-04-05 08:43:27,1775378607,CRASH900,20723.193,1,0.027999999998428393,BACKFILL_AUTO
2026-04-05 08:43:28,1775378608,CRASH900,20723.205,1,0.012000000002444722,BACKFILL_AUTO
2026-04-05 08:43:29,1775378609,CRASH900,20723.228,1,0.02299999999740976,BACKFILL_AUTO
2026-04-05 08:43:30,1775378610,CRASH900,20723.25,1,0.02200000000084401,BACKFILL_AUTO
2026-04-05 08:43:31,1775378611,CRASH900,20723.304,1,0.05400000000008731,BACKFILL_AUTO
2026-04-05 08:43:32,1775378612,CRASH900,20723.317,1,0.01299999999901047,BACKFILL_AUTO
2026-04-05 08:43:33,1775378613,CRASH900,20723.341,1,0.024000000001251465,BACKFILL_AUTO
2026-04-05 08:43:34,1775378614,CRASH900,20723.361,1,0.020000000000436557,BACKFILL_AUTO
2026-04-05 08:43:35,1775378615,CRASH900,20723.383,1,0.02200000000084401,BACKFILL_AUTO
2026-04-05 08:43:36,1775378616,CRASH900,20723.394,1,0.010999999998603016,BACKFILL_AUTO
2026-04-05 08:43:37,1775378617,CRASH900,20723.434,1,0.040000000000873115,BACKFILL_AUTO
2026-04-05 08:43:38,1775378618,CRASH900,20723.466,1,0.0319999999992433,BACKFILL_AUTO
2026-04-05 08:43:39,1775378619,CRASH900,20723.485,1,0.01900000000023283,BACKFILL_AUTO
2026-04-05 08:43:40,1775378620,CRASH900,20723.51,1,0.024999999997817213,BACKFILL_AUTO
2026-04-05 08:43:41,1775378621,CRASH900,20723.518,1,0.008000000001629815,BACKFILL_AUTO
2026-04-05 08:43:42,1775378622,CRASH900,20723.526,1,0.008000000001629815,BACKFILL_AUTO
2026-04-05 08:43:43,1775378623,CRASH900,20723.595,1,0.06899999999950523,BACKFILL_AUTO
2026-04-05 08:43:44,1775378624,CRASH900,20723.627,1,0.0319999999992433,BACKFILL_AUTO
2026-04-05 08:43:45,1775378625,CRASH900,20723.653,1,0.02599999999802094,BACKFILL_AUTO
2026-04-05 08:43:46,1775378626,CRASH900,20723.693,1,0.040000000000873115,BACKFILL_AUTO
2026-04-05 08:43:47,1775378627,CRASH900,20723.717,1,0.024000000001251465,BACKFILL_AUTO
2026-04-05 08:43:48,1775378628,CRASH900,20723.738,1,0.021000000000640284,BACKFILL_AUTO
2026-04-05 08:43:49,1775378629,CRASH900,20723.742,1,0.0039999999971769284,BACKFILL_AUTO
2026-04-05 08:43:50,1775378630,CRASH900,20723.744,1,0.0020000000004074536,BACKFILL_AUTO
2026-04-05 08:43:51,1775378631,CRASH900,20723.745,1,0.0010000000002037268,BACKFILL_AUTO
2026-04-05 08:43:52,1775378632,CRASH900,20723.75,1,0.005000000001018634,BACKFILL_AUTO
2026-04-05 08:43:53,1775378633,CRASH900,20723.751,1,0.0010000000002037268,BACKFILL_AUTO
2026-04-05 08:43:54,1775378634,CRASH900,20723.779,1,0.027999999998428393,BACKFILL_AUTO
2026-04-05 08:43:55,1775378635,CRASH900,20723.809,1,0.030000000002473826,BACKFILL_AUTO
2026-04-05 08:43:56,1775378636,CRASH900,20723.874,1,0.06499999999869033,BACKFILL_AUTO
2026-04-05 08:43:57,1775378637,CRASH900,20723.88,1,0.006000000001222361,BACKFILL_AUTO
2026-04-05 08:43:58,1775378638,CRASH900,20723.962,1,0.0819999999985157,BACKFILL_AUTO
2026-04-05 08:43:59,1775378639,CRASH900,20723.965,1,0.0030000000006111804,BACKFILL_AUTO
2026-04-05 08:44:00,1775378640,CRASH900,20723.979,1,0.013999999999214197,BACKFILL_AUTO
2026-04-05 08:44:01,1775378641,CRASH900,20724.016,1,0.037000000000261934,BACKFILL_AUTO
2026-04-05 08:44:02,1775378642,CRASH900,20724.059,1,0.043000000001484295,BACKFILL_AUTO
2026-04-05 08:44:03,1775378643,CRASH900,20724.081,1,0.021999999997206032,BACKFILL_AUTO
2026-04-05 08:44:04,1775378644,CRASH900,20724.091,1,0.010000000002037268,BACKFILL_AUTO
2026-04-05 08:44:05,1775378645,CRASH900,20724.098,1,0.007000000001426088,BACKFILL_AUTO
2026-04-05 08:44:06,1775378646,CRASH900,20724.102,1,0.0039999999971769284,BACKFILL_AUTO
2026-04-05 08:44:07,1775378647,CRASH900,20724.169,1,0.06700000000273576,BACKFILL_AUTO
2026-04-05 08:44:08,1775378648,CRASH900,20724.238,1,0.06899999999950523,BACKFILL_AUTO
2026-04-05 08:44:09,1775378649,CRASH900,20724.279,1,0.04099999999743886,BACKFILL_AUTO
2026-04-05 08:44:10,1775378650,CRASH900,20703.695,-1,20.583999999998923,BACKFILL_AUTO
2026-04-05 08:44:11,1775378651,CRASH900,20703.717,1,0.02200000000084401,BACKFILL_AUTO
2026-04-05 08:44:12,1775378652,CRASH900,20703.721,1,0.004000000000814907,BACKFILL_AUTO
2026-04-05 08:44:13,1775378653,CRASH900,20703.742,1,0.020999999997002305,BACKFILL_AUTO
2026-04-05 08:44:14,1775378654,CRASH900,20703.759,1,0.016999999999825377,BACKFILL_AUTO
2026-04-05 08:44:15,1775378655,CRASH900,20703.779,1,0.020000000000436557,BACKFILL_AUTO
2026-04-05 08:44:16,1775378656,CRASH900,20703.803,1,0.024000000001251465,BACKFILL_AUTO
2026-04-05 08:44:17,1775378657,CRASH900,20703.823,1,0.020000000000436557,BACKFILL_AUTO
2026-04-05 08:44:18,1775378658,CRASH900,20703.84,1,0.016999999999825377,BACKFILL_AUTO
2026-04-05 08:44:19,1775378659,CRASH900,20703.854,1,0.013999999999214197,BACKFILL_AUTO
2026-04-05 08:44:20,1775378660,CRASH900,20703.856,1,0.0020000000004074536,BACKFILL_AUTO
2026-04-05 08:44:21,1775378661,CRASH900,20703.878,1,0.02200000000084401,BACKFILL_AUTO
2026-04-05 08:44:22,1775378662,CRASH900,20703.901,1,0.023000000001047738,BACKFILL_AUTO
2026-04-05 08:44:23,1775378663,CRASH900,20703.935,1,0.033999999999650754,BACKFILL_AUTO
2026-04-05 08:44:24,1775378664,CRASH900,20703.95,1,0.014999999999417923,BACKFILL_AUTO
2026-04-05 08:44:25,1775378665,CRASH900,20703.964,1,0.013999999999214197,BACKFILL_AUTO
2026-04-05 08:44:26,1775378666,CRASH900,20703.978,1,0.013999999999214197,BACKFILL_AUTO
2026-04-05 08:44:27,1775378667,CRASH900,20703.997,1,0.01900000000023283,BACKFILL_AUTO
2026-04-05 08:44:28,1775378668,CRASH900,20704.041,1,0.04400000000168802,BACKFILL_AUTO
2026-04-05 08:44:29,1775378669,CRASH900,20704.062,1,0.021000000000640284,BACKFILL_AUTO
2026-04-05 08:44:30,1775378670,CRASH900,20704.078,1,0.01599999999962165,BACKFILL_AUTO
2026-04-05 08:44:31,1775378671,CRASH900,20704.101,1,0.02299999999740976,BACKFILL_AUTO
2026-04-05 08:44:32,1775378672,CRASH900,20704.127,1,0.02600000000165892,BACKFILL_AUTO
2026-04-05 08:44:33,1775378673,CRASH900,20704.165,1,0.03800000000046566,BACKFILL_AUTO
2026-04-05 08:44:34,1775378674,CRASH900,20704.2,1,0.03499999999985448,BACKFILL_AUTO
2026-04-05 08:44:35,1775378675,CRASH900,20704.224,1,0.023999999997613486,BACKFILL_AUTO
2026-04-05 08:44:36,1775378676,CRASH900,20704.237,1,0.013000000002648449,BACKFILL_AUTO
2026-04-05 08:44:37,1775378677,CRASH900,20704.239,1,0.0020000000004074536,BACKFILL_AUTO
2026-04-05 08:44:38,1775378678,CRASH900,20704.245,1,0.005999999997584382,BACKFILL_AUTO
2026-04-05 08:44:39,1775378679,CRASH900,20704.25,1,0.005000000001018634,BACKFILL_AUTO
2026-04-05 08:44:40,1775378680,CRASH900,20704.251,1,0.0010000000002037268,BACKFILL_AUTO
2026-04-05 08:44:41,1775378681,CRASH900,20704.266,1,0.014999999999417923,BACKFILL_AUTO
2026-04-05 08:44:42,1775378682,CRASH900,20704.303,1,0.037000000000261934,BACKFILL_AUTO
2026-04-05 08:44:43,1775378683,CRASH900,20704.311,1,0.008000000001629815,BACKFILL_AUTO
2026-04-05 08:44:44,1775378684,CRASH900,20704.354,1,0.04299999999784632,BACKFILL_AUTO
2026-04-05 08:44:45,1775378685,CRASH900,20704.385,1,0.030999999999039574,BACKFILL_AUTO
2026-04-05 08:44:46,1775378686,CRASH900,20704.388,1,0.0030000000006111804,BACKFILL_AUTO
2026-04-05 08:44:47,1775378687,CRASH900,20704.415,1,0.027000000001862645,BACKFILL_AUTO
2026-04-05 08:44:48,1775378688,CRASH900,20704.446,1,0.030999999999039574,BACKFILL_AUTO
2026-04-05 08:44:49,1775378689,CRASH900,20704.456,1,0.00999999999839929,BACKFILL_AUTO
2026-04-05 08:44:50,1775378690,CRASH900,20704.488,1,0.03200000000288128,BACKFILL_AUTO
2026-04-05 08:44:51,1775378691,CRASH900,20704.498,1,0.00999999999839929,BACKFILL_AUTO
2026-04-05 08:44:52,1775378692,CRASH900,20704.513,1,0.014999999999417923,BACKFILL_AUTO
2026-04-05 08:44:53,1775378693,CRASH900,20704.522,1,0.009000000001833541,BACKFILL_AUTO
2026-04-05 08:44:54,1775378694,CRASH900,20704.537,1,0.014999999999417923,BACKFILL_AUTO
2026-04-05 08:44:55,1775378695,CRASH900,20704.55,1,0.01299999999901047,BACKFILL_AUTO
2026-04-05 08:44:56,1775378696,CRASH900,20704.554,1,0.004000000000814907,BACKFILL_AUTO
2026-04-05 08:44:57,1775378697,CRASH900,20704.563,1,0.008999999998195563,BACKFILL_AUTO
2026-04-05 08:44:58,1775378698,CRASH900,20704.596,1,0.033000000003085006,BACKFILL_AUTO
2026-04-05 08:44:59,1775378699,CRASH900,20704.632,1,0.03600000000005821,BACKFILL_AUTO
2026-04-05 08:45:00,1775378700,CRASH900,20704.667,1,0.03499999999985448,BACKFILL_AUTO
2026-04-05 08:45:01,1775378701,CRASH900,20704.671,1,0.0039999999971769284,BACKFILL_AUTO
2026-04-05 08:45:02,1775378702,CRASH900,20704.681,1,0.010000000002037268,BACKFILL_AUTO
2026-04-05 08:45:03,1775378703,CRASH900,20704.696,1,0.014999999999417923,BACKFILL_AUTO
2026-04-05 08:45:04,1775378704,CRASH900,20704.73,1,0.033999999999650754,BACKFILL_AUTO
2026-04-05 08:45:05,1775378705,CRASH900,20704.765,1,0.03499999999985448,BACKFILL_AUTO
2026-04-05 08:45:06,1775378706,CRASH900,20704.766,1,0.0010000000002037268,BACKFILL_AUTO
2026-04-05 08:45:07,1775378707,CRASH900,20704.783,1,0.016999999999825377,BACKFILL_AUTO
2026-04-05 08:45:08,1775378708,CRASH900,20704.79,1,0.007000000001426088,BACKFILL_AUTO
2026-04-05 08:45:09,1775378709,CRASH900,20704.798,1,0.007999999997991836,BACKFILL_AUTO
2026-04-05 08:45:10,1775378710,CRASH900,20704.828,1,0.030000000002473826,BACKFILL_AUTO
2026-04-05 08:45:11,1775378711,CRASH900,20704.869,1,0.04099999999743886,BACKFILL_AUTO
2026-04-05 08:45:12,1775378712,CRASH900,20704.895,1,0.02600000000165892,BACKFILL_AUTO
2026-04-05 08:45:13,1775378713,CRASH900,20704.913,1,0.018000000000029104,BACKFILL_AUTO
2026-04-05 08:45:14,1775378714,CRASH900,20704.942,1,0.02899999999863212,BACKFILL_AUTO
2026-04-05 08:45:15,1775378715,CRASH900,20704.969,1,0.027000000001862645,BACKFILL_AUTO
2026-04-05 08:45:16,1775378716,CRASH900,20705.001,1,0.0319999999992433,BACKFILL_AUTO
2026-04-05 08:45:17,1775378717,CRASH900,20705.026,1,0.02500000000145519,BACKFILL_AUTO
2026-04-05 08:45:18,1775378718,CRASH900,20705.071,1,0.04499999999825377,BACKFILL_AUTO
2026-04-05 08:45:19,1775378719,CRASH900,20705.085,1,0.013999999999214197,BACKFILL_AUTO
2026-04-05 08:45:20,1775378720,CRASH900,20705.108,1,0.023000000001047738,BACKFILL_AUTO
2026-04-05 08:45:21,1775378721,CRASH900,20705.117,1,0.008999999998195563,BACKFILL_AUTO
2026-04-05 08:45:22,1775378722,CRASH900,20705.13,1,0.013000000002648449,BACKFILL_AUTO
2026-04-05 08:45:23,1775378723,CRASH900,20705.153,1,0.02299999999740976,BACKFILL_AUTO
2026-04-05 08:45:24,1775378724,CRASH900,20705.157,1,0.004000000000814907,BACKFILL_AUTO
2026-04-05 08:45:25,1775378725,CRASH900,20705.211,1,0.05400000000008731,BACKFILL_AUTO
2026-04-05 08:45:26,1775378726,CRASH900,20705.219,1,0.008000000001629815,BACKFILL_AUTO
2026-04-05 08:45:27,1775378727,CRASH900,20705.247,1,0.027999999998428393,BACKFILL_AUTO
2026-04-05 08:45:28,1775378728,CRASH900,20705.27,1,0.023000000001047738,BACKFILL_AUTO
2026-04-05 08:45:29,1775378729,CRASH900,20705.324,1,0.05400000000008731,BACKFILL_AUTO
2026-04-05 08:45:30,1775378730,CRASH900,20705.333,1,0.008999999998195563,BACKFILL_AUTO
2026-04-05 08:45:31,1775378731,CRASH900,20705.339,1,0.006000000001222361,BACKFILL_AUTO
2026-04-05 08:45:32,1775378732,CRASH900,20705.347,1,0.008000000001629815,BACKFILL_AUTO
2026-04-05 08:45:33,1775378733,CRASH900,20705.36,1,0.01299999999901047,BACKFILL_AUTO
2026-04-05 08:45:34,1775378734,CRASH900,20705.38,1,0.020000000000436557,BACKFILL_AUTO
2026-04-05 08:45:35,1775378735,CRASH900,20705.414,1,0.033999999999650754,BACKFILL_AUTO
2026-04-05 08:45:36,1775378736,CRASH900,20705.431,1,0.016999999999825377,BACKFILL_AUTO
2026-04-05 08:45:37,1775378737,CRASH900,20705.461,1,0.029999999998835847,BACKFILL_AUTO
2026-04-05 08:45:38,1775378738,CRASH900,20705.465,1,0.004000000000814907,BACKFILL_AUTO
2026-04-05 08:45:39,1775378739,CRASH900,20705.468,1,0.0030000000006111804,BACKFILL_AUTO
2026-04-05 08:45:40,1775378740,CRASH900,20705.469,1,0.0010000000002037268,BACKFILL_AUTO
2026-04-05 08:45:41,1775378741,CRASH900,20705.473,1,0.004000000000814907,BACKFILL_AUTO
2026-04-05 08:45:42,1775378742,CRASH900,20705.499,1,0.02599999999802094,BACKFILL_AUTO
2026-04-05 08:45:43,1775378743,CRASH900,20705.507,1,0.008000000001629815,BACKFILL_AUTO
2026-04-05 08:45:44,1775378744,CRASH900,20705.547,1,0.039999999997235136,BACKFILL_AUTO
2026-04-05 08:45:45,1775378745,CRASH900,20705.56,1,0.013000000002648449,BACKFILL_AUTO
2026-04-05 08:45:46,1775378746,CRASH900,20705.564,1,0.0039999999971769284,BACKFILL_AUTO
2026-04-05 08:45:47,1775378747,CRASH900,20705.583,1,0.01900000000023283,BACKFILL_AUTO
2026-04-05 08:45:48,1775378748,CRASH900,20705.604,1,0.021000000000640284,BACKFILL_AUTO
2026-04-05 08:45:49,1775378749,CRASH900,20705.641,1,0.037000000000261934,BACKFILL_AUTO
2026-04-05 08:45:50,1775378750,CRASH900,20705.664,1,0.023000000001047738,BACKFILL_AUTO
2026-04-05 08:45:51,1775378751,CRASH900,20705.709,1,0.04499999999825377,BACKFILL_AUTO
2026-04-05 08:45:52,1775378752,CRASH900,20705.746,1,0.037000000000261934,BACKFILL_AUTO
2026-04-05 08:45:53,1775378753,CRASH900,20705.781,1,0.03499999999985448,BACKFILL_AUTO
2026-04-05 08:45:54,1775378754,CRASH900,20705.817,1,0.03600000000005821,BACKFILL_AUTO
2026-04-05 08:45:55,1775378755,CRASH900,20705.83,1,0.013000000002648449,BACKFILL_AUTO
2026-04-05 08:45:56,1775378756,CRASH900,20705.84,1,0.00999999999839929,BACKFILL_AUTO
2026-04-05 08:45:57,1775378757,CRASH900,20705.88,1,0.040000000000873115,BACKFILL_AUTO
2026-04-05 08:45:58,1775378758,CRASH900,20705.933,1,0.052999999999883585,BACKFILL_AUTO
2026-04-05 08:45:59,1775378759,CRASH900,20705.95,1,0.016999999999825377,BACKFILL_AUTO
2026-04-05 08:46:00,1775378760,CRASH900,20705.955,1,0.005000000001018634,BACKFILL_AUTO
2026-04-05 08:46:01,1775378761,CRASH900,20705.997,1,0.04199999999764259,BACKFILL_AUTO
2026-04-05 08:46:02,1775378762,CRASH900,20706.055,1,0.05800000000090222,BACKFILL_AUTO
2026-04-05 08:46:03,1775378763,CRASH900,20706.088,1,0.03299999999944703,BACKFILL_AUTO
2026-04-05 08:46:04,1775378764,CRASH900,20706.121,1,0.03299999999944703,BACKFILL_AUTO
2026-04-05 08:46:05,1775378765,CRASH900,20706.157,1,0.03600000000005821,BACKFILL_AUTO
2026-04-05 08:46:06,1775378766,CRASH900,20706.172,1,0.014999999999417923,BACKFILL_AUTO
2026-04-05 08:46:07,1775378767,CRASH900,20706.194,1,0.02200000000084401,BACKFILL_AUTO
2026-04-05 08:46:08,1775378768,CRASH900,20706.199,1,0.005000000001018634,BACKFILL_AUTO
2026-04-05 08:46:09,1775378769,CRASH900,20706.247,1,0.04799999999886495,BACKFILL_AUTO
2026-04-05 08:46:10,1775378770,CRASH900,20706.281,1,0.033999999999650754,BACKFILL_AUTO
2026-04-05 08:46:11,1775378771,CRASH900,20706.283,1,0.0020000000004074536,BACKFILL_AUTO
2026-04-05 08:46:12,1775378772,CRASH900,20706.338,1,0.05500000000029104,BACKFILL_AUTO
2026-04-05 08:46:13,1775378773,CRASH900,20706.37,1,0.0319999999992433,BACKFILL_AUTO
2026-04-05 08:46:14,1775378774,CRASH900,20706.382,1,0.012000000002444722,BACKFILL_AUTO
2026-04-05 08:46:15,1775378775,CRASH900,20706.397,1,0.014999999999417923,BACKFILL_AUTO
2026-04-05 08:46:16,1775378776,CRASH900,20706.397,0,0.0,BACKFILL_AUTO
2026-04-05 08:46:17,1775378777,CRASH900,20706.401,1,0.004000000000814907,BACKFILL_AUTO
2026-04-05 08:46:18,1775378778,CRASH900,20706.415,1,0.013999999999214197,BACKFILL_AUTO
2026-04-05 08:46:19,1775378779,CRASH900,20706.427,1,0.011999999998806743,BACKFILL_AUTO
2026-04-05 08:46:20,1775378780,CRASH900,20706.468,1,0.04100000000107684,BACKFILL_AUTO
2026-04-05 08:46:21,1775378781,CRASH900,20706.488,1,0.020000000000436557,BACKFILL_AUTO
2026-04-05 08:46:22,1775378782,CRASH900,20706.512,1,0.023999999997613486,BACKFILL_AUTO
2026-04-05 08:46:23,1775378783,CRASH900,20706.53,1,0.018000000000029104,BACKFILL_AUTO
2026-04-05 08:46:24,1775378784,CRASH900,20706.549,1,0.01900000000023283,BACKFILL_AUTO
2026-04-05 08:46:25,1775378785,CRASH900,20706.55,1,0.0010000000002037268,BACKFILL_AUTO
2026-04-05 08:46:26,1775378786,CRASH900,20706.556,1,0.006000000001222361,BACKFILL_AUTO
2026-04-05 08:46:27,1775378787,CRASH900,20706.557,1,0.0010000000002037268,BACKFILL_AUTO
2026-04-05 08:46:28,1775378788,CRASH900,20706.612,1,0.05500000000029104,BACKFILL_AUTO
2026-04-05 08:46:29,1775378789,CRASH900,20706.635,1,0.02299999999740976,BACKFILL_AUTO
2026-04-05 08:46:30,1775378790,CRASH900,20706.66,1,0.02500000000145519,BACKFILL_AUTO
2026-04-05 08:46:31,1775378791,CRASH900,20706.67,1,0.00999999999839929,BACKFILL_AUTO
2026-04-05 08:46:32,1775378792,CRASH900,20706.698,1,0.028000000002066372,BACKFILL_AUTO
2026-04-05 08:46:33,1775378793,CRASH900,20706.723,1,0.02500000000145519,BACKFILL_AUTO
2026-04-05 08:46:34,1775378794,CRASH900,20706.734,1,0.010999999998603016,BACKFILL_AUTO
2026-04-05 08:46:35,1775378795,CRASH900,20706.746,1,0.011999999998806743,BACKFILL_AUTO
2026-04-05 08:46:36,1775378796,CRASH900,20706.778,1,0.0319999999992433,BACKFILL_AUTO
2026-04-05 08:46:37,1775378797,CRASH900,20706.806,1,0.028000000002066372,BACKFILL_AUTO
2026-04-05 08:46:38,1775378798,CRASH900,20706.831,1,0.024999999997817213,BACKFILL_AUTO
2026-04-05 08:46:39,1775378799,CRASH900,20706.852,1,0.021000000000640284,BACKFILL_AUTO
2026-04-05 08:46:40,1775378800,CRASH900,20706.867,1,0.014999999999417923,BACKFILL_AUTO
2026-04-05 08:46:41,1775378801,CRASH900,20706.91,1,0.043000000001484295,BACKFILL_AUTO
2026-04-05 08:46:42,1775378802,CRASH900,20706.937,1,0.027000000001862645,BACKFILL_AUTO
2026-04-05 08:46:43,1775378803,CRASH900,20706.965,1,0.027999999998428393,BACKFILL_AUTO
2026-04-05 08:46:44,1775378804,CRASH900,20707.003,1,0.03800000000046566,BACKFILL_AUTO
2026-04-05 08:46:45,1775378805,CRASH900,20707.011,1,0.007999999997991836,BACKFILL_AUTO
2026-04-05 08:46:46,1775378806,CRASH900,20707.038,1,0.027000000001862645,BACKFILL_AUTO
2026-04-05 08:46:47,1775378807,CRASH900,20707.063,1,0.024999999997817213,BACKFILL_AUTO
2026-04-05 08:46:48,1775378808,CRASH900,20707.077,1,0.014000000002852175,BACKFILL_AUTO
2026-04-05 08:46:49,1775378809,CRASH900,20707.094,1,0.016999999999825377,BACKFILL_AUTO
2026-04-05 08:46:50,1775378810,CRASH900,20707.129,1,0.03499999999985448,BACKFILL_AUTO
2026-04-05 08:46:51,1775378811,CRASH900,20707.162,1,0.03299999999944703,BACKFILL_AUTO
2026-04-05 08:46:52,1775378812,CRASH900,20707.164,1,0.0020000000004074536,BACKFILL_AUTO
2026-04-05 08:46:53,1775378813,CRASH900,20707.176,1,0.011999999998806743,BACKFILL_AUTO
2026-04-05 08:46:54,1775378814,CRASH900,20707.21,1,0.033999999999650754,BACKFILL_AUTO
2026-04-05 08:46:55,1775378815,CRASH900,20707.236,1,0.02600000000165892,BACKFILL_AUTO
2026-04-05 08:46:56,1775378816,CRASH900,20707.283,1,0.046999999998661224,BACKFILL_AUTO
2026-04-05 08:46:57,1775378817,CRASH900,20707.291,1,0.008000000001629815,BACKFILL_AUTO
2026-04-05 08:46:58,1775378818,CRASH900,20707.329,1,0.03800000000046566,BACKFILL_AUTO
2026-04-05 08:46:59,1775378819,CRASH900,20707.335,1,0.005999999997584382,BACKFILL_AUTO
2026-04-05 08:47:00,1775378820,CRASH900,20707.385,1,0.049999999999272404,BACKFILL_AUTO
2026-04-05 08:47:01,1775378821,CRASH900,20707.403,1,0.018000000000029104,BACKFILL_AUTO
2026-04-05 08:47:02,1775378822,CRASH900,20707.42,1,0.016999999999825377,BACKFILL_AUTO
2026-04-05 08:47:03,1775378823,CRASH900,20707.428,1,0.008000000001629815,BACKFILL_AUTO
2026-04-05 08:47:04,1775378824,CRASH900,20707.43,1,0.0020000000004074536,BACKFILL_AUTO
2026-04-05 08:47:05,1775378825,CRASH900,20707.466,1,0.03600000000005821,BACKFILL_AUTO
2026-04-05 08:47:06,1775378826,CRASH900,20707.473,1,0.007000000001426088,BACKFILL_AUTO
2026-04-05 08:47:07,1775378827,CRASH900,20707.477,1,0.0039999999971769284,BACKFILL_AUTO
2026-04-05 08:47:08,1775378828,CRASH900,20707.509,1,0.0319999999992433,BACKFILL_AUTO
2026-04-05 08:47:09,1775378829,CRASH900,20707.528,1,0.01900000000023283,BACKFILL_AUTO
2026-04-05 08:47:10,1775378830,CRASH900,20707.534,1,0.006000000001222361,BACKFILL_AUTO
2026-04-05 08:47:11,1775378831,CRASH900,20707.538,1,0.004000000000814907,BACKFILL_AUTO
2026-04-05 08:47:12,1775378832,CRASH900,20707.563,1,0.024999999997817213,BACKFILL_AUTO
2026-04-05 08:47:13,1775378833,CRASH900,20707.572,1,0.009000000001833541,BACKFILL_AUTO
2026-04-05 08:47:14,1775378834,CRASH900,20707.586,1,0.013999999999214197,BACKFILL_AUTO
2026-04-05 08:47:15,1775378835,CRASH900,20707.586,0,0.0,BACKFILL_AUTO
2026-04-05 08:47:16,1775378836,CRASH900,20707.618,1,0.0319999999992433,BACKFILL_AUTO
2026-04-05 08:47:17,1775378837,CRASH900,20707.645,1,0.027000000001862645,BACKFILL_AUTO
2026-04-05 08:47:18,1775378838,CRASH900,20707.712,1,0.06699999999909778,BACKFILL_AUTO
2026-04-05 08:47:19,1775378839,CRASH900,20707.718,1,0.006000000001222361,BACKFILL_AUTO
2026-04-05 08:47:20,1775378840,CRASH900,20707.753,1,0.03499999999985448,BACKFILL_AUTO
2026-04-05 08:47:21,1775378841,CRASH900,20707.81,1,0.05700000000069849,BACKFILL_AUTO
2026-04-05 08:47:22,1775378842,CRASH900,20707.851,1,0.04099999999743886,BACKFILL_AUTO
2026-04-05 08:47:23,1775378843,CRASH900,20707.897,1,0.046000000002095476,BACKFILL_AUTO
2026-04-05 08:47:24,1775378844,CRASH900,20707.933,1,0.03600000000005821,BACKFILL_AUTO
2026-04-05 08:47:25,1775378845,CRASH900,20707.975,1,0.04199999999764259,BACKFILL_AUTO
2026-04-05 08:47:26,1775378846,CRASH900,20707.989,1,0.014000000002852175,BACKFILL_AUTO
2026-04-05 08:47:27,1775378847,CRASH900,20707.989,0,0.0,BACKFILL_AUTO
2026-04-05 08:47:28,1775378848,CRASH900,20708.008,1,0.01900000000023283,BACKFILL_AUTO
2026-04-05 08:47:29,1775378849,CRASH900,20708.029,1,0.020999999997002305,BACKFILL_AUTO
2026-04-05 08:47:30,1775378850,CRASH900,20708.048,1,0.01900000000023283,BACKFILL_AUTO
2026-04-05 08:47:31,1775378851,CRASH900,20708.092,1,0.04400000000168802,BACKFILL_AUTO
2026-04-05 08:47:32,1775378852,CRASH900,20708.092,0,0.0,BACKFILL_AUTO
2026-04-05 08:47:33,1775378853,CRASH900,20708.121,1,0.02899999999863212,BACKFILL_AUTO
2026-04-05 08:47:34,1775378854,CRASH900,20708.148,1,0.027000000001862645,BACKFILL_AUTO
2026-04-05 08:47:35,1775378855,CRASH900,20708.197,1,0.04899999999906868,BACKFILL_AUTO
2026-04-05 08:47:36,1775378856,CRASH900,20708.226,1,0.02899999999863212,BACKFILL_AUTO
2026-04-05 08:47:37,1775378857,CRASH900,20708.265,1,0.03900000000066939,BACKFILL_AUTO
2026-04-05 08:47:38,1775378858,CRASH900,20708.304,1,0.03900000000066939,BACKFILL_AUTO
2026-04-05 08:47:39,1775378859,CRASH900,20708.315,1,0.010999999998603016,BACKFILL_AUTO
2026-04-05 08:47:40,1775378860,CRASH900,20708.327,1,0.012000000002444722,BACKFILL_AUTO
2026-04-05 08:47:41,1775378861,CRASH900,20708.352,1,0.024999999997817213,BACKFILL_AUTO
2026-04-05 08:47:42,1775378862,CRASH900,20708.371,1,0.01900000000023283,BACKFILL_AUTO
2026-04-05 08:47:43,1775378863,CRASH900,20708.402,1,0.030999999999039574,BACKFILL_AUTO
2026-04-05 08:47:44,1775378864,CRASH900,20708.424,1,0.02200000000084401,BACKFILL_AUTO
2026-04-05 08:47:45,1775378865,CRASH900,20708.443,1,0.01900000000023283,BACKFILL_AUTO
2026-04-05 08:47:46,1775378866,CRASH900,20708.444,1,0.0010000000002037268,BACKFILL_AUTO
2026-04-05 08:47:47,1775378867,CRASH900,20708.445,1,0.0010000000002037268,BACKFILL_AUTO
2026-04-05 08:47:48,1775378868,CRASH900,20708.475,1,0.029999999998835847,BACKFILL_AUTO
2026-04-05 08:47:49,1775378869,CRASH900,20708.481,1,0.006000000001222361,BACKFILL_AUTO
2026-04-05 08:47:50,1775378870,CRASH900,20708.504,1,0.023000000001047738,BACKFILL_AUTO
2026-04-05 08:47:51,1775378871,CRASH900,20708.553,1,0.04899999999906868,BACKFILL_AUTO
2026-04-05 08:47:52,1775378872,CRASH900,20708.562,1,0.009000000001833541,BACKFILL_AUTO
2026-04-05 08:47:53,1775378873,CRASH900,20708.598,1,0.03600000000005821,BACKFILL_AUTO
2026-04-05 08:47:54,1775378874,CRASH900,20708.645,1,0.046999999998661224,BACKFILL_AUTO
2026-04-05 08:47:55,1775378875,CRASH900,20708.672,1,0.026999999998224666,BACKFILL_AUTO
2026-04-05 08:47:56,1775378876,CRASH900,20708.692,1,0.020000000000436557,BACKFILL_AUTO
2026-04-05 08:47:57,1775378877,CRASH900,20708.73,1,0.03800000000046566,BACKFILL_AUTO
2026-04-05 08:47:58,1775378878,CRASH900,20708.754,1,0.024000000001251465,BACKFILL_AUTO
2026-04-05 08:47:59,1775378879,CRASH900,20708.792,1,0.03800000000046566,BACKFILL_AUTO
2026-04-05 08:48:00,1775378880,CRASH900,20708.863,1,0.07099999999991269,BACKFILL_AUTO
2026-04-05 08:48:01,1775378881,CRASH900,20708.891,1,0.027999999998428393,BACKFILL_AUTO
2026-04-05 08:48:02,1775378882,CRASH900,20708.907,1,0.01599999999962165,BACKFILL_AUTO
2026-04-05 08:48:03,1775378883,CRASH900,20708.957,1,0.049999999999272404,BACKFILL_AUTO
2026-04-05 08:48:04,1775378884,CRASH900,20708.974,1,0.016999999999825377,BACKFILL_AUTO
2026-04-05 08:48:05,1775378885,CRASH900,20708.981,1,0.007000000001426088,BACKFILL_AUTO
2026-04-05 08:48:06,1775378886,CRASH900,20709.006,1,0.02500000000145519,BACKFILL_AUTO
2026-04-05 08:48:07,1775378887,CRASH900,20709.052,1,0.0459999999984575,BACKFILL_AUTO
2026-04-05 08:48:08,1775378888,CRASH900,20709.108,1,0.056000000000494765,BACKFILL_AUTO
2026-04-05 08:48:09,1775378889,CRASH900,20709.126,1,0.018000000000029104,BACKFILL_AUTO
2026-04-05 08:48:10,1775378890,CRASH900,20709.158,1,0.0319999999992433,BACKFILL_AUTO
2026-04-05 08:48:11,1775378891,CRASH900,20709.171,1,0.01299999999901047,BACKFILL_AUTO
2026-04-05 08:48:12,1775378892,CRASH900,20709.181,1,0.010000000002037268,BACKFILL_AUTO
2026-04-05 08:48:13,1775378893,CRASH900,20709.191,1,0.00999999999839929,BACKFILL_AUTO
2026-04-05 08:48:14,1775378894,CRASH900,20709.225,1,0.033999999999650754,BACKFILL_AUTO
2026-04-05 08:48:15,1775378895,CRASH900,20709.239,1,0.014000000002852175,BACKFILL_AUTO
2026-04-05 08:48:16,1775378896,CRASH900,20709.244,1,0.004999999997380655,BACKFILL_AUTO
2026-04-05 08:48:17,1775378897,CRASH900,20709.265,1,0.021000000000640284,BACKFILL_AUTO
2026-04-05 08:48:18,1775378898,CRASH900,20709.313,1,0.04799999999886495,BACKFILL_AUTO
2026-04-05 08:48:19,1775378899,CRASH900,20709.347,1,0.03400000000328873,BACKFILL_AUTO
2026-04-05 08:48:20,1775378900,CRASH900,20709.353,1,0.005999999997584382,BACKFILL_AUTO
2026-04-05 08:48:21,1775378901,CRASH900,20709.384,1,0.030999999999039574,BACKFILL_AUTO
2026-04-05 08:48:22,1775378902,CRASH900,20709.393,1,0.009000000001833541,BACKFILL_AUTO
2026-04-05 08:48:23,1775378903,CRASH900,20709.418,1,0.02500000000145519,BACKFILL_AUTO
2026-04-05 08:48:24,1775378904,CRASH900,20709.432,1,0.013999999999214197,BACKFILL_AUTO
2026-04-05 08:48:25,1775378905,CRASH900,20709.451,1,0.01900000000023283,BACKFILL_AUTO
2026-04-05 08:48:26,1775378906,CRASH900,20709.493,1,0.04199999999764259,BACKFILL_AUTO
2026-04-05 08:48:27,1775378907,CRASH900,20709.503,1,0.010000000002037268,BACKFILL_AUTO
2026-04-05 08:48:28,1775378908,CRASH900,20709.533,1,0.029999999998835847,BACKFILL_AUTO
2026-04-05 08:48:29,1775378909,CRASH900,20709.548,1,0.014999999999417923,BACKFILL_AUTO
2026-04-05 08:48:30,1775378910,CRASH900,20709.557,1,0.009000000001833541,BACKFILL_AUTO
2026-04-05 08:48:31,1775378911,CRASH900,20709.594,1,0.037000000000261934,BACKFILL_AUTO
2026-04-05 08:48:32,1775378912,CRASH900,20709.644,1,0.049999999999272404,BACKFILL_AUTO
2026-04-05 08:48:33,1775378913,CRASH900,20709.652,1,0.007999999997991836,BACKFILL_AUTO
2026-04-05 08:48:34,1775378914,CRASH900,20709.664,1,0.012000000002444722,BACKFILL_AUTO
2026-04-05 08:48:35,1775378915,CRASH900,20709.685,1,0.021000000000640284,BACKFILL_AUTO
2026-04-05 08:48:36,1775378916,CRASH900,20709.718,1,0.03299999999944703,BACKFILL_AUTO
2026-04-05 08:48:37,1775378917,CRASH900,20709.721,1,0.0030000000006111804,BACKFILL_AUTO
2026-04-05 08:48:38,1775378918,CRASH900,20709.724,1,0.0029999999969732016,BACKFILL_AUTO
2026-04-05 08:48:39,1775378919,CRASH900,20709.754,1,0.030000000002473826,BACKFILL_AUTO
2026-04-05 08:48:40,1775378920,CRASH900,20709.777,1,0.02299999999740976,BACKFILL_AUTO
2026-04-05 08:48:41,1775378921,CRASH900,20709.798,1,0.021000000000640284,BACKFILL_AUTO
2026-04-05 08:48:42,1775378922,CRASH900,20709.833,1,0.03499999999985448,BACKFILL_AUTO
2026-04-05 08:48:43,1775378923,CRASH900,20709.835,1,0.0020000000004074536,BACKFILL_AUTO
2026-04-05 08:48:44,1775378924,CRASH900,20709.836,1,0.0010000000002037268,BACKFILL_AUTO
2026-04-05 08:48:45,1775378925,CRASH900,20709.858,1,0.02200000000084401,BACKFILL_AUTO
2026-04-05 08:48:46,1775378926,CRASH900,20709.884,1,0.02599999999802094,BACKFILL_AUTO
2026-04-05 08:48:47,1775378927,CRASH900,20709.893,1,0.009000000001833541,BACKFILL_AUTO
2026-04-05 08:48:48,1775378928,CRASH900,20709.932,1,0.03900000000066939,BACKFILL_AUTO
2026-04-05 08:48:49,1775378929,CRASH900,20709.95,1,0.018000000000029104,BACKFILL_AUTO
2026-04-05 08:48:50,1775378930,CRASH900,20709.974,1,0.023999999997613486,BACKFILL_AUTO
2026-04-05 08:48:51,1775378931,CRASH900,20709.997,1,0.023000000001047738,BACKFILL_AUTO
2026-04-05 08:48:52,1775378932,CRASH900,20710.02,1,0.023000000001047738,BACKFILL_AUTO
2026-04-05 08:48:53,1775378933,CRASH900,20710.04,1,0.020000000000436557,BACKFILL_AUTO
2026-04-05 08:48:54,1775378934,CRASH900,20710.043,1,0.0030000000006111804,BACKFILL_AUTO
2026-04-05 08:48:55,1775378935,CRASH900,20710.062,1,0.01900000000023283,BACKFILL_AUTO
2026-04-05 08:48:56,1775378936,CRASH900,20710.106,1,0.04399999999805004,BACKFILL_AUTO
2026-04-05 08:48:57,1775378937,CRASH900,20710.169,1,0.06300000000192085,BACKFILL_AUTO
2026-04-05 08:48:58,1775378938,CRASH900,20710.196,1,0.026999999998224666,BACKFILL_AUTO
2026-04-05 08:48:59,1775378939,CRASH900,20710.217,1,0.021000000000640284,BACKFILL_AUTO
2026-04-05 08:49:00,1775378940,CRASH900,20710.264,1,0.046999999998661224,BACKFILL_AUTO
2026-04-05 08:49:01,1775378941,CRASH900,20710.281,1,0.016999999999825377,BACKFILL_AUTO
2026-04-05 08:49:02,1775378942,CRASH900,20710.3,1,0.01900000000023283,BACKFILL_AUTO
2026-04-05 08:49:03,1775378943,CRASH900,20710.334,1,0.033999999999650754,BACKFILL_AUTO
2026-04-05 08:49:04,1775378944,CRASH900,20710.369,1,0.03499999999985448,BACKFILL_AUTO
2026-04-05 08:49:05,1775378945,CRASH900,20710.404,1,0.03499999999985448,BACKFILL_AUTO
2026-04-05 08:49:06,1775378946,CRASH900,20710.439,1,0.03499999999985448,BACKFILL_AUTO
2026-04-05 08:49:07,1775378947,CRASH900,20710.447,1,0.008000000001629815,BACKFILL_AUTO
2026-04-05 08:49:08,1775378948,CRASH900,20710.469,1,0.02200000000084401,BACKFILL_AUTO
2026-04-05 08:49:09,1775378949,CRASH900,20710.483,1,0.013999999999214197,BACKFILL_AUTO
2026-04-05 08:49:10,1775378950,CRASH900,20710.489,1,0.006000000001222361,BACKFILL_AUTO
2026-04-05 08:49:11,1775378951,CRASH900,20710.492,1,0.0029999999969732016,BACKFILL_AUTO
2026-04-05 08:49:12,1775378952,CRASH900,20710.524,1,0.03200000000288128,BACKFILL_AUTO
2026-04-05 08:49:13,1775378953,CRASH900,20710.559,1,0.03499999999985448,BACKFILL_AUTO
2026-04-05 08:49:14,1775378954,CRASH900,20710.593,1,0.033999999999650754,BACKFILL_AUTO
2026-04-05 08:49:15,1775378955,CRASH900,20710.612,1,0.01900000000023283,BACKFILL_AUTO
2026-04-05 08:49:16,1775378956,CRASH900,20710.63,1,0.018000000000029104,BACKFILL_AUTO
2026-04-05 08:49:17,1775378957,CRASH900,20710.68,1,0.049999999999272404,BACKFILL_AUTO
2026-04-05 08:49:18,1775378958,CRASH900,20710.714,1,0.033999999999650754,BACKFILL_AUTO
2026-04-05 08:49:19,1775378959,CRASH900,20710.734,1,0.020000000000436557,BACKFILL_AUTO
2026-04-05 08:49:20,1775378960,CRASH900,20710.735,1,0.0010000000002037268,BACKFILL_AUTO
2026-04-05 08:49:21,1775378961,CRASH900,20710.767,1,0.0319999999992433,BACKFILL_AUTO
2026-04-05 08:49:22,1775378962,CRASH900,20710.794,1,0.027000000001862645,BACKFILL_AUTO
2026-04-05 08:49:23,1775378963,CRASH900,20710.832,1,0.03799999999682768,BACKFILL_AUTO
2026-04-05 08:49:24,1775378964,CRASH900,20710.843,1,0.011000000002240995,BACKFILL_AUTO
2026-04-05 08:49:25,1775378965,CRASH900,20710.858,1,0.014999999999417923,BACKFILL_AUTO
2026-04-05 08:49:26,1775378966,CRASH900,20710.895,1,0.037000000000261934,BACKFILL_AUTO
2026-04-05 08:49:27,1775378967,CRASH900,20710.936,1,0.04100000000107684,BACKFILL_AUTO
2026-04-05 08:49:28,1775378968,CRASH900,20710.951,1,0.014999999999417923,BACKFILL_AUTO
2026-04-05 08:49:29,1775378969,CRASH900,20710.963,1,0.011999999998806743,BACKFILL_AUTO
2026-04-05 08:49:30,1775378970,CRASH900,20711.002,1,0.03900000000066939,BACKFILL_AUTO
2026-04-05 08:49:31,1775378971,CRASH900,20711.02,1,0.018000000000029104,BACKFILL_AUTO
2026-04-05 08:49:32,1775378972,CRASH900,20711.052,1,0.0319999999992433,BACKFILL_AUTO
2026-04-05 08:49:33,1775378973,CRASH900,20711.082,1,0.029999999998835847,BACKFILL_AUTO
2026-04-05 08:49:34,1775378974,CRASH900,20711.1,1,0.018000000000029104,BACKFILL_AUTO
2026-04-05 08:49:35,1775378975,CRASH900,20711.122,1,0.02200000000084401,BACKFILL_AUTO
2026-04-05 08:49:36,1775378976,CRASH900,20711.128,1,0.006000000001222361,BACKFILL_AUTO
2026-04-05 08:49:37,1775378977,CRASH900,20711.145,1,0.016999999999825377,BACKFILL_AUTO
2026-04-05 08:49:38,1775378978,CRASH900,20711.166,1,0.021000000000640284,BACKFILL_AUTO
2026-04-05 08:49:39,1775378979,CRASH900,20711.173,1,0.006999999997788109,BACKFILL_AUTO
2026-04-05 08:49:40,1775378980,CRASH900,20711.195,1,0.02200000000084401,BACKFILL_AUTO
2026-04-05 08:49:41,1775378981,CRASH900,20711.224,1,0.02899999999863212,BACKFILL_AUTO
2026-04-05 08:49:42,1775378982,CRASH900,20711.243,1,0.01900000000023283,BACKFILL_AUTO
2026-04-05 08:49:43,1775378983,CRASH900,20711.282,1,0.03900000000066939,BACKFILL_AUTO
2026-04-05 08:49:44,1775378984,CRASH900,20711.297,1,0.014999999999417923,BACKFILL_AUTO
2026-04-05 08:49:45,1775378985,CRASH900,20711.316,1,0.01900000000023283,BACKFILL_AUTO
2026-04-05 08:49:46,1775378986,CRASH900,20711.317,1,0.0010000000002037268,BACKFILL_AUTO
2026-04-05 08:49:47,1775378987,CRASH900,20711.324,1,0.007000000001426088,BACKFILL_AUTO
2026-04-05 08:49:48,1775378988,CRASH900,20711.349,1,0.024999999997817213,BACKFILL_AUTO
2026-04-05 08:49:49,1775378989,CRASH900,20711.406,1,0.05700000000069849,BACKFILL_AUTO
2026-04-05 08:49:50,1775378990,CRASH900,20711.431,1,0.02500000000145519,BACKFILL_AUTO
2026-04-05 08:49:51,1775378991,CRASH900,20711.44,1,0.008999999998195563,BACKFILL_AUTO
2026-04-05 08:49:52,1775378992,CRASH900,20711.466,1,0.02600000000165892,BACKFILL_AUTO
2026-04-05 08:49:53,1775378993,CRASH900,20711.486,1,0.020000000000436557,BACKFILL_AUTO
2026-04-05 08:49:54,1775378994,CRASH900,20711.51,1,0.023999999997613486,BACKFILL_AUTO
2026-04-05 08:49:55,1775378995,CRASH900,20711.529,1,0.01900000000023283,BACKFILL_AUTO
2026-04-05 08:49:56,1775378996,CRASH900,20711.585,1,0.056000000000494765,BACKFILL_AUTO
2026-04-05 08:49:57,1775378997,CRASH900,20711.589,1,0.004000000000814907,BACKFILL_AUTO
2026-04-05 08:49:58,1775378998,CRASH900,20711.612,1,0.023000000001047738,BACKFILL_AUTO
2026-04-05 08:49:59,1775378999,CRASH900,20711.624,1,0.011999999998806743,BACKFILL_AUTO
2026-04-05 08:50:00,1775379000,CRASH900,20711.636,1,0.011999999998806743,BACKFILL_AUTO
2026-04-05 08:50:01,1775379001,CRASH900,20711.638,1,0.0020000000004074536,BACKFILL_AUTO
2026-04-05 08:50:02,1775379002,CRASH900,20711.662,1,0.024000000001251465,BACKFILL_AUTO
2026-04-05 08:50:03,1775379003,CRASH900,20711.692,1,0.029999999998835847,BACKFILL_AUTO
2026-04-05 08:50:04,1775379004,CRASH900,20711.717,1,0.02500000000145519,BACKFILL_AUTO
2026-04-05 08:50:05,1775379005,CRASH900,20711.74,1,0.023000000001047738,BACKFILL_AUTO
