timestamp,unix_time,instrument,price,direction,tick_size,session_id
2026-04-05 02:56:58,1775357818,CRASH600,24487.26,0,,BACKFILL_AUTO
2026-04-05 02:56:59,1775357819,CRASH600,24487.31,1,0.05000000000291038,BACKFILL_AUTO
2026-04-05 02:57:00,1775357820,CRASH600,24487.354,1,0.04399999999805004,BACKFILL_AUTO
2026-04-05 02:57:01,1775357821,CRASH600,24487.457,1,0.10299999999915599,BACKFILL_AUTO
2026-04-05 02:57:02,1775357822,CRASH600,24487.531,1,0.07400000000052387,BACKFILL_AUTO
2026-04-05 02:57:03,1775357823,CRASH600,24487.556,1,0.02500000000145519,BACKFILL_AUTO
2026-04-05 02:57:04,1775357824,CRASH600,24487.617,1,0.06099999999787542,BACKFILL_AUTO
2026-04-05 02:57:05,1775357825,CRASH600,24487.657,1,0.040000000000873115,BACKFILL_AUTO
2026-04-05 02:57:06,1775357826,CRASH600,24487.751,1,0.09400000000096043,BACKFILL_AUTO
2026-04-05 02:57:07,1775357827,CRASH600,24487.754,1,0.0030000000006111804,BACKFILL_AUTO
2026-04-05 02:57:08,1775357828,CRASH600,24487.774,1,0.020000000000436557,BACKFILL_AUTO
2026-04-05 02:57:09,1775357829,CRASH600,24487.812,1,0.03800000000046566,BACKFILL_AUTO
2026-04-05 02:57:10,1775357830,CRASH600,24487.85,1,0.03799999999682768,BACKFILL_AUTO
2026-04-05 02:57:11,1775357831,CRASH600,24487.894,1,0.04400000000168802,BACKFILL_AUTO
2026-04-05 02:57:12,1775357832,CRASH600,24487.919,1,0.02500000000145519,BACKFILL_AUTO
2026-04-05 02:57:13,1775357833,CRASH600,24487.927,1,0.007999999997991836,BACKFILL_AUTO
2026-04-05 02:57:14,1775357834,CRASH600,24487.967,1,0.040000000000873115,BACKFILL_AUTO
2026-04-05 02:57:15,1775357835,CRASH600,24487.978,1,0.010999999998603016,BACKFILL_AUTO
2026-04-05 02:57:16,1775357836,CRASH600,24487.988,1,0.010000000002037268,BACKFILL_AUTO
2026-04-05 02:57:17,1775357837,CRASH600,24488.117,1,0.12899999999717693,BACKFILL_AUTO
2026-04-05 02:57:18,1775357838,CRASH600,24488.163,1,0.046000000002095476,BACKFILL_AUTO
2026-04-05 02:57:19,1775357839,CRASH600,24488.169,1,0.006000000001222361,BACKFILL_AUTO
2026-04-05 02:57:20,1775357840,CRASH600,24488.172,1,0.0029999999969732016,BACKFILL_AUTO
2026-04-05 02:57:21,1775357841,CRASH600,24488.224,1,0.05199999999967986,BACKFILL_AUTO
2026-04-05 02:57:22,1775357842,CRASH600,24488.286,1,0.062000000001717126,BACKFILL_AUTO
2026-04-05 02:57:23,1775357843,CRASH600,24488.309,1,0.023000000001047738,BACKFILL_AUTO
2026-04-05 02:57:24,1775357844,CRASH600,24488.397,1,0.08799999999973807,BACKFILL_AUTO
2026-04-05 02:57:25,1775357845,CRASH600,24488.475,1,0.0779999999977008,BACKFILL_AUTO
2026-04-05 02:57:26,1775357846,CRASH600,24488.519,1,0.04400000000168802,BACKFILL_AUTO
2026-04-05 02:57:27,1775357847,CRASH600,24488.557,1,0.03800000000046566,BACKFILL_AUTO
2026-04-05 02:57:28,1775357848,CRASH600,24488.63,1,0.07300000000032014,BACKFILL_AUTO
2026-04-05 02:57:29,1775357849,CRASH600,24488.641,1,0.010999999998603016,BACKFILL_AUTO
2026-04-05 02:57:30,1775357850,CRASH600,24488.66,1,0.01900000000023283,BACKFILL_AUTO
2026-04-05 02:57:31,1775357851,CRASH600,24488.697,1,0.037000000000261934,BACKFILL_AUTO
2026-04-05 02:57:32,1775357852,CRASH600,24488.742,1,0.04499999999825377,BACKFILL_AUTO
2026-04-05 02:57:33,1775357853,CRASH600,24488.755,1,0.013000000002648449,BACKFILL_AUTO
2026-04-05 02:57:34,1775357854,CRASH600,24488.771,1,0.01599999999962165,BACKFILL_AUTO
2026-04-05 02:57:35,1775357855,CRASH600,24488.832,1,0.06099999999787542,BACKFILL_AUTO
2026-04-05 02:57:36,1775357856,CRASH600,24488.853,1,0.021000000000640284,BACKFILL_AUTO
2026-04-05 02:57:37,1775357857,CRASH600,24488.853,0,0.0,BACKFILL_AUTO
2026-04-05 02:57:38,1775357858,CRASH600,24488.899,1,0.046000000002095476,BACKFILL_AUTO
2026-04-05 02:57:39,1775357859,CRASH600,24488.952,1,0.052999999999883585,BACKFILL_AUTO
2026-04-05 02:57:40,1775357860,CRASH600,24488.977,1,0.024999999997817213,BACKFILL_AUTO
2026-04-05 02:57:41,1775357861,CRASH600,24489.054,1,0.07700000000113505,BACKFILL_AUTO
2026-04-05 02:57:42,1775357862,CRASH600,24489.096,1,0.04200000000128057,BACKFILL_AUTO
2026-04-05 02:57:43,1775357863,CRASH600,24489.11,1,0.013999999999214197,BACKFILL_AUTO
2026-04-05 02:57:44,1775357864,CRASH600,24489.17,1,0.059999999997671694,BACKFILL_AUTO
2026-04-05 02:57:45,1775357865,CRASH600,24489.266,1,0.09600000000136788,BACKFILL_AUTO
2026-04-05 02:57:46,1775357866,CRASH600,24489.31,1,0.04400000000168802,BACKFILL_AUTO
2026-04-05 02:57:47,1775357867,CRASH600,24489.402,1,0.091999999996915,BACKFILL_AUTO
2026-04-05 02:57:48,1775357868,CRASH600,24489.423,1,0.021000000000640284,BACKFILL_AUTO
2026-04-05 02:57:49,1775357869,CRASH600,24489.478,1,0.05500000000029104,BACKFILL_AUTO
2026-04-05 02:57:50,1775357870,CRASH600,24489.498,1,0.020000000000436557,BACKFILL_AUTO
2026-04-05 02:57:51,1775357871,CRASH600,24489.499,1,0.0010000000002037268,BACKFILL_AUTO
2026-04-05 02:57:52,1775357872,CRASH600,24489.505,1,0.006000000001222361,BACKFILL_AUTO
2026-04-05 02:57:53,1775357873,CRASH600,24489.602,1,0.09699999999793363,BACKFILL_AUTO
2026-04-05 02:57:54,1775357874,CRASH600,24489.614,1,0.012000000002444722,BACKFILL_AUTO
2026-04-05 02:57:55,1775357875,CRASH600,24489.619,1,0.004999999997380655,BACKFILL_AUTO
2026-04-05 02:57:56,1775357876,CRASH600,24489.626,1,0.007000000001426088,BACKFILL_AUTO
2026-04-05 02:57:57,1775357877,CRASH600,24489.675,1,0.04899999999906868,BACKFILL_AUTO
2026-04-05 02:57:58,1775357878,CRASH600,24489.744,1,0.06899999999950523,BACKFILL_AUTO
2026-04-05 02:57:59,1775357879,CRASH600,24489.845,1,0.10100000000238651,BACKFILL_AUTO
2026-04-05 02:58:00,1775357880,CRASH600,24489.852,1,0.006999999997788109,BACKFILL_AUTO
2026-04-05 02:58:01,1775357881,CRASH600,24489.9,1,0.04800000000250293,BACKFILL_AUTO
2026-04-05 02:58:02,1775357882,CRASH600,24489.913,1,0.01299999999901047,BACKFILL_AUTO
2026-04-05 02:58:03,1775357883,CRASH600,24489.998,1,0.08499999999912689,BACKFILL_AUTO
2026-04-05 02:58:04,1775357884,CRASH600,24490.014,1,0.01599999999962165,BACKFILL_AUTO
2026-04-05 02:58:05,1775357885,CRASH600,24490.025,1,0.011000000002240995,BACKFILL_AUTO
2026-04-05 02:58:06,1775357886,CRASH600,24490.04,1,0.014999999999417923,BACKFILL_AUTO
2026-04-05 02:58:07,1775357887,CRASH600,24490.072,1,0.0319999999992433,BACKFILL_AUTO
2026-04-05 02:58:08,1775357888,CRASH600,24490.159,1,0.08699999999953434,BACKFILL_AUTO
2026-04-05 02:58:09,1775357889,CRASH600,24490.2,1,0.04100000000107684,BACKFILL_AUTO
2026-04-05 02:58:10,1775357890,CRASH600,24490.223,1,0.023000000001047738,BACKFILL_AUTO
2026-04-05 02:58:11,1775357891,CRASH600,24490.301,1,0.0779999999977008,BACKFILL_AUTO
2026-04-05 02:58:12,1775357892,CRASH600,24490.313,1,0.011999999998806743,BACKFILL_AUTO
2026-04-05 02:58:13,1775357893,CRASH600,24490.342,1,0.0290000000022701,BACKFILL_AUTO
2026-04-05 02:58:14,1775357894,CRASH600,24490.363,1,0.021000000000640284,BACKFILL_AUTO
2026-04-05 02:58:15,1775357895,CRASH600,24490.409,1,0.0459999999984575,BACKFILL_AUTO
2026-04-05 02:58:16,1775357896,CRASH600,24490.445,1,0.03600000000005821,BACKFILL_AUTO
2026-04-05 02:58:17,1775357897,CRASH600,24490.48,1,0.03499999999985448,BACKFILL_AUTO
2026-04-05 02:58:18,1775357898,CRASH600,24490.505,1,0.02500000000145519,BACKFILL_AUTO
2026-04-05 02:58:19,1775357899,CRASH600,24490.551,1,0.0459999999984575,BACKFILL_AUTO
2026-04-05 02:58:20,1775357900,CRASH600,24490.624,1,0.07300000000032014,BACKFILL_AUTO
2026-04-05 02:58:21,1775357901,CRASH600,24490.658,1,0.033999999999650754,BACKFILL_AUTO
2026-04-05 02:58:22,1775357902,CRASH600,24490.741,1,0.08300000000235741,BACKFILL_AUTO
2026-04-05 02:58:23,1775357903,CRASH600,24490.794,1,0.052999999999883585,BACKFILL_AUTO
2026-04-05 02:58:24,1775357904,CRASH600,24490.854,1,0.059999999997671694,BACKFILL_AUTO
2026-04-05 02:58:25,1775357905,CRASH600,24490.897,1,0.043000000001484295,BACKFILL_AUTO
2026-04-05 02:58:26,1775357906,CRASH600,24490.921,1,0.023999999997613486,BACKFILL_AUTO
2026-04-05 02:58:27,1775357907,CRASH600,24490.966,1,0.04500000000189175,BACKFILL_AUTO
2026-04-05 02:58:28,1775357908,CRASH600,24490.978,1,0.011999999998806743,BACKFILL_AUTO
2026-04-05 02:58:29,1775357909,CRASH600,24491.005,1,0.027000000001862645,BACKFILL_AUTO
2026-04-05 02:58:30,1775357910,CRASH600,24491.01,1,0.004999999997380655,BACKFILL_AUTO
2026-04-05 02:58:31,1775357911,CRASH600,24491.058,1,0.04800000000250293,BACKFILL_AUTO
2026-04-05 02:58:32,1775357912,CRASH600,24491.066,1,0.007999999997991836,BACKFILL_AUTO
2026-04-05 02:58:33,1775357913,CRASH600,24491.079,1,0.013000000002648449,BACKFILL_AUTO
2026-04-05 02:58:34,1775357914,CRASH600,24491.132,1,0.052999999999883585,BACKFILL_AUTO
2026-04-05 02:58:35,1775357915,CRASH600,24491.163,1,0.030999999999039574,BACKFILL_AUTO
2026-04-05 02:58:36,1775357916,CRASH600,24491.168,1,0.005000000001018634,BACKFILL_AUTO
2026-04-05 02:58:37,1775357917,CRASH600,24491.241,1,0.07300000000032014,BACKFILL_AUTO
2026-04-05 02:58:38,1775357918,CRASH600,24491.243,1,0.001999999996769475,BACKFILL_AUTO
2026-04-05 02:58:39,1775357919,CRASH600,24491.265,1,0.02200000000084401,BACKFILL_AUTO
2026-04-05 02:58:40,1775357920,CRASH600,24491.318,1,0.052999999999883585,BACKFILL_AUTO
2026-04-05 02:58:41,1775357921,CRASH600,24491.355,1,0.037000000000261934,BACKFILL_AUTO
2026-04-05 02:58:42,1775357922,CRASH600,24491.404,1,0.04899999999906868,BACKFILL_AUTO
2026-04-05 02:58:43,1775357923,CRASH600,24491.432,1,0.028000000002066372,BACKFILL_AUTO
2026-04-05 02:58:44,1775357924,CRASH600,24491.474,1,0.04199999999764259,BACKFILL_AUTO
2026-04-05 02:58:45,1775357925,CRASH600,24491.522,1,0.04800000000250293,BACKFILL_AUTO
2026-04-05 02:58:46,1775357926,CRASH600,24491.55,1,0.027999999998428393,BACKFILL_AUTO
2026-04-05 02:58:47,1775357927,CRASH600,24491.595,1,0.04500000000189175,BACKFILL_AUTO
2026-04-05 02:58:48,1775357928,CRASH600,24491.663,1,0.06799999999930151,BACKFILL_AUTO
2026-04-05 02:58:49,1775357929,CRASH600,24491.697,1,0.033999999999650754,BACKFILL_AUTO
2026-04-05 02:58:50,1775357930,CRASH600,24491.716,1,0.01900000000023283,BACKFILL_AUTO
2026-04-05 02:58:51,1775357931,CRASH600,24491.761,1,0.04499999999825377,BACKFILL_AUTO
2026-04-05 02:58:52,1775357932,CRASH600,24491.84,1,0.0790000000015425,BACKFILL_AUTO
2026-04-05 02:58:53,1775357933,CRASH600,24491.864,1,0.024000000001251465,BACKFILL_AUTO
2026-04-05 02:58:54,1775357934,CRASH600,24491.89,1,0.02599999999802094,BACKFILL_AUTO
2026-04-05 02:58:55,1775357935,CRASH600,24491.894,1,0.004000000000814907,BACKFILL_AUTO
2026-04-05 02:58:56,1775357936,CRASH600,24491.906,1,0.011999999998806743,BACKFILL_AUTO
2026-04-05 02:58:57,1775357937,CRASH600,24491.906,0,0.0,BACKFILL_AUTO
2026-04-05 02:58:58,1775357938,CRASH600,24491.974,1,0.06799999999930151,BACKFILL_AUTO
2026-04-05 02:58:59,1775357939,CRASH600,24492.011,1,0.037000000000261934,BACKFILL_AUTO
2026-04-05 02:59:00,1775357940,CRASH600,24492.071,1,0.06000000000130967,BACKFILL_AUTO
2026-04-05 02:59:01,1775357941,CRASH600,24492.098,1,0.027000000001862645,BACKFILL_AUTO
2026-04-05 02:59:02,1775357942,CRASH600,24492.108,1,0.00999999999839929,BACKFILL_AUTO
2026-04-05 02:59:03,1775357943,CRASH600,24492.192,1,0.08399999999892316,BACKFILL_AUTO
2026-04-05 02:59:04,1775357944,CRASH600,24492.209,1,0.016999999999825377,BACKFILL_AUTO
2026-04-05 02:59:05,1775357945,CRASH600,24492.21,1,0.0010000000002037268,BACKFILL_AUTO
2026-04-05 02:59:06,1775357946,CRASH600,24492.299,1,0.08899999999994179,BACKFILL_AUTO
2026-04-05 02:59:07,1775357947,CRASH600,24492.342,1,0.043000000001484295,BACKFILL_AUTO
2026-04-05 02:59:08,1775357948,CRASH600,24492.355,1,0.01299999999901047,BACKFILL_AUTO
2026-04-05 02:59:09,1775357949,CRASH600,24492.426,1,0.07099999999991269,BACKFILL_AUTO
2026-04-05 02:59:10,1775357950,CRASH600,24492.43,1,0.004000000000814907,BACKFILL_AUTO
2026-04-05 02:59:11,1775357951,CRASH600,24492.526,1,0.09600000000136788,BACKFILL_AUTO
2026-04-05 02:59:12,1775357952,CRASH600,24492.56,1,0.033999999999650754,BACKFILL_AUTO
2026-04-05 02:59:13,1775357953,CRASH600,24492.648,1,0.08799999999973807,BACKFILL_AUTO
2026-04-05 02:59:14,1775357954,CRASH600,24492.713,1,0.06499999999869033,BACKFILL_AUTO
2026-04-05 02:59:15,1775357955,CRASH600,24492.773,1,0.06000000000130967,BACKFILL_AUTO
2026-04-05 02:59:16,1775357956,CRASH600,24492.798,1,0.024999999997817213,BACKFILL_AUTO
2026-04-05 02:59:17,1775357957,CRASH600,24492.827,1,0.0290000000022701,BACKFILL_AUTO
2026-04-05 02:59:18,1775357958,CRASH600,24492.831,1,0.0039999999971769284,BACKFILL_AUTO
2026-04-05 02:59:19,1775357959,CRASH600,24492.941,1,0.11000000000058208,BACKFILL_AUTO
2026-04-05 02:59:20,1775357960,CRASH600,24492.961,1,0.020000000000436557,BACKFILL_AUTO
2026-04-05 02:59:21,1775357961,CRASH600,24492.971,1,0.010000000002037268,BACKFILL_AUTO
2026-04-05 02:59:22,1775357962,CRASH600,24493.06,1,0.08899999999994179,BACKFILL_AUTO
2026-04-05 02:59:23,1775357963,CRASH600,24493.075,1,0.014999999999417923,BACKFILL_AUTO
2026-04-05 02:59:24,1775357964,CRASH600,24493.115,1,0.040000000000873115,BACKFILL_AUTO
2026-04-05 02:59:25,1775357965,CRASH600,24493.157,1,0.04199999999764259,BACKFILL_AUTO
2026-04-05 02:59:26,1775357966,CRASH600,24493.202,1,0.04500000000189175,BACKFILL_AUTO
2026-04-05 02:59:27,1775357967,CRASH600,24493.26,1,0.05799999999726424,BACKFILL_AUTO
2026-04-05 02:59:28,1775357968,CRASH600,24493.289,1,0.0290000000022701,BACKFILL_AUTO
2026-04-05 02:59:29,1775357969,CRASH600,24493.317,1,0.027999999998428393,BACKFILL_AUTO
2026-04-05 02:59:30,1775357970,CRASH600,24493.34,1,0.023000000001047738,BACKFILL_AUTO
2026-04-05 02:59:31,1775357971,CRASH600,24493.343,1,0.0030000000006111804,BACKFILL_AUTO
2026-04-05 02:59:32,1775357972,CRASH600,24493.363,1,0.020000000000436557,BACKFILL_AUTO
2026-04-05 02:59:33,1775357973,CRASH600,24493.403,1,0.039999999997235136,BACKFILL_AUTO
2026-04-05 02:59:34,1775357974,CRASH600,24493.442,1,0.03900000000066939,BACKFILL_AUTO
2026-04-05 02:59:35,1775357975,CRASH600,24493.526,1,0.08400000000256114,BACKFILL_AUTO
2026-04-05 02:59:36,1775357976,CRASH600,24493.579,1,0.052999999999883585,BACKFILL_AUTO
2026-04-05 02:59:37,1775357977,CRASH600,24493.586,1,0.006999999997788109,BACKFILL_AUTO
2026-04-05 02:59:38,1775357978,CRASH600,24493.644,1,0.05800000000090222,BACKFILL_AUTO
2026-04-05 02:59:39,1775357979,CRASH600,24493.727,1,0.08299999999871943,BACKFILL_AUTO
2026-04-05 02:59:40,1775357980,CRASH600,24493.755,1,0.028000000002066372,BACKFILL_AUTO
2026-04-05 02:59:41,1775357981,CRASH600,24493.795,1,0.039999999997235136,BACKFILL_AUTO
2026-04-05 02:59:42,1775357982,CRASH600,24486.065,-1,7.729999999999563,BACKFILL_AUTO
2026-04-05 02:59:43,1775357983,CRASH600,24486.118,1,0.052999999999883585,BACKFILL_AUTO
2026-04-05 02:59:44,1775357984,CRASH600,24486.188,1,0.06999999999970896,BACKFILL_AUTO
2026-04-05 02:59:45,1775357985,CRASH600,24486.193,1,0.005000000001018634,BACKFILL_AUTO
2026-04-05 02:59:46,1775357986,CRASH600,24486.264,1,0.07099999999991269,BACKFILL_AUTO
2026-04-05 02:59:47,1775357987,CRASH600,24486.363,1,0.09900000000197906,BACKFILL_AUTO
2026-04-05 02:59:48,1775357988,CRASH600,24486.397,1,0.033999999999650754,BACKFILL_AUTO
2026-04-05 02:59:49,1775357989,CRASH600,24486.402,1,0.004999999997380655,BACKFILL_AUTO
2026-04-05 02:59:50,1775357990,CRASH600,24486.406,1,0.004000000000814907,BACKFILL_AUTO
2026-04-05 02:59:51,1775357991,CRASH600,24486.42,1,0.013999999999214197,BACKFILL_AUTO
2026-04-05 02:59:52,1775357992,CRASH600,24486.442,1,0.02200000000084401,BACKFILL_AUTO
2026-04-05 02:59:53,1775357993,CRASH600,24486.488,1,0.046000000002095476,BACKFILL_AUTO
2026-04-05 02:59:54,1775357994,CRASH600,24486.524,1,0.03600000000005821,BACKFILL_AUTO
2026-04-05 02:59:55,1775357995,CRASH600,24486.557,1,0.03299999999944703,BACKFILL_AUTO
2026-04-05 02:59:56,1775357996,CRASH600,24486.619,1,0.06199999999807915,BACKFILL_AUTO
2026-04-05 02:59:57,1775357997,CRASH600,24486.731,1,0.11200000000098953,BACKFILL_AUTO
2026-04-05 02:59:58,1775357998,CRASH600,24486.765,1,0.033999999999650754,BACKFILL_AUTO
2026-04-05 02:59:59,1775357999,CRASH600,24486.8,1,0.03499999999985448,BACKFILL_AUTO
2026-04-05 03:00:00,1775358000,CRASH600,24486.824,1,0.024000000001251465,BACKFILL_AUTO
2026-04-05 03:00:01,1775358001,CRASH600,24486.904,1,0.07999999999810825,BACKFILL_AUTO
2026-04-05 03:00:02,1775358002,CRASH600,24486.905,1,0.0010000000002037268,BACKFILL_AUTO
2026-04-05 03:00:03,1775358003,CRASH600,24486.953,1,0.04800000000250293,BACKFILL_AUTO
2026-04-05 03:00:04,1775358004,CRASH600,24486.967,1,0.013999999999214197,BACKFILL_AUTO
2026-04-05 03:00:05,1775358005,CRASH600,24486.972,1,0.005000000001018634,BACKFILL_AUTO
2026-04-05 03:00:06,1775358006,CRASH600,24486.974,1,0.001999999996769475,BACKFILL_AUTO
2026-04-05 03:00:07,1775358007,CRASH600,24486.993,1,0.01900000000023283,BACKFILL_AUTO
2026-04-05 03:00:08,1775358008,CRASH600,24486.997,1,0.004000000000814907,BACKFILL_AUTO
2026-04-05 03:00:09,1775358009,CRASH600,24487.066,1,0.06899999999950523,BACKFILL_AUTO
2026-04-05 03:00:10,1775358010,CRASH600,24487.086,1,0.020000000000436557,BACKFILL_AUTO
2026-04-05 03:00:11,1775358011,CRASH600,24487.205,1,0.11900000000241562,BACKFILL_AUTO
2026-04-05 03:00:12,1775358012,CRASH600,24487.209,1,0.0039999999971769284,BACKFILL_AUTO
2026-04-05 03:00:13,1775358013,CRASH600,24487.258,1,0.049000000002706656,BACKFILL_AUTO
2026-04-05 03:00:14,1775358014,CRASH600,24487.316,1,0.05799999999726424,BACKFILL_AUTO
2026-04-05 03:00:15,1775358015,CRASH600,24487.349,1,0.03299999999944703,BACKFILL_AUTO
2026-04-05 03:00:16,1775358016,CRASH600,24487.394,1,0.04500000000189175,BACKFILL_AUTO
2026-04-05 03:00:17,1775358017,CRASH600,24487.406,1,0.011999999998806743,BACKFILL_AUTO
2026-04-05 03:00:18,1775358018,CRASH600,24487.417,1,0.011000000002240995,BACKFILL_AUTO
2026-04-05 03:00:19,1775358019,CRASH600,24487.473,1,0.056000000000494765,BACKFILL_AUTO
2026-04-05 03:00:20,1775358020,CRASH600,24487.515,1,0.04199999999764259,BACKFILL_AUTO
2026-04-05 03:00:21,1775358021,CRASH600,24487.567,1,0.05199999999967986,BACKFILL_AUTO
2026-04-05 03:00:22,1775358022,CRASH600,24487.594,1,0.027000000001862645,BACKFILL_AUTO
2026-04-05 03:00:23,1775358023,CRASH600,24487.616,1,0.02200000000084401,BACKFILL_AUTO
2026-04-05 03:00:24,1775358024,CRASH600,24487.66,1,0.04399999999805004,BACKFILL_AUTO
2026-04-05 03:00:25,1775358025,CRASH600,24487.719,1,0.059000000001105946,BACKFILL_AUTO
2026-04-05 03:00:26,1775358026,CRASH600,24487.748,1,0.02899999999863212,BACKFILL_AUTO
2026-04-05 03:00:27,1775358027,CRASH600,24487.767,1,0.01900000000023283,BACKFILL_AUTO
2026-04-05 03:00:28,1775358028,CRASH600,24487.79,1,0.023000000001047738,BACKFILL_AUTO
2026-04-05 03:00:29,1775358029,CRASH600,24487.846,1,0.056000000000494765,BACKFILL_AUTO
2026-04-05 03:00:30,1775358030,CRASH600,24487.856,1,0.00999999999839929,BACKFILL_AUTO
2026-04-05 03:00:31,1775358031,CRASH600,24487.866,1,0.010000000002037268,BACKFILL_AUTO
2026-04-05 03:00:32,1775358032,CRASH600,24487.901,1,0.03499999999985448,BACKFILL_AUTO
2026-04-05 03:00:33,1775358033,CRASH600,24487.947,1,0.0459999999984575,BACKFILL_AUTO
2026-04-05 03:00:34,1775358034,CRASH600,24487.948,1,0.0010000000002037268,BACKFILL_AUTO
2026-04-05 03:00:35,1775358035,CRASH600,24487.974,1,0.02599999999802094,BACKFILL_AUTO
2026-04-05 03:00:36,1775358036,CRASH600,24488.005,1,0.031000000002677552,BACKFILL_AUTO
2026-04-05 03:00:37,1775358037,CRASH600,24488.056,1,0.05099999999947613,BACKFILL_AUTO
2026-04-05 03:00:38,1775358038,CRASH600,24488.099,1,0.04299999999784632,BACKFILL_AUTO
2026-04-05 03:00:39,1775358039,CRASH600,24488.108,1,0.009000000001833541,BACKFILL_AUTO
2026-04-05 03:00:40,1775358040,CRASH600,24488.187,1,0.0790000000015425,BACKFILL_AUTO
2026-04-05 03:00:41,1775358041,CRASH600,24488.253,1,0.06599999999889405,BACKFILL_AUTO
2026-04-05 03:00:42,1775358042,CRASH600,24488.295,1,0.04199999999764259,BACKFILL_AUTO
2026-04-05 03:00:43,1775358043,CRASH600,24488.338,1,0.043000000001484295,BACKFILL_AUTO
2026-04-05 03:00:44,1775358044,CRASH600,24488.345,1,0.007000000001426088,BACKFILL_AUTO
2026-04-05 03:00:45,1775358045,CRASH600,24488.366,1,0.021000000000640284,BACKFILL_AUTO
2026-04-05 03:00:46,1775358046,CRASH600,24488.387,1,0.020999999997002305,BACKFILL_AUTO
2026-04-05 03:00:47,1775358047,CRASH600,24488.433,1,0.046000000002095476,BACKFILL_AUTO
2026-04-05 03:00:48,1775358048,CRASH600,24488.452,1,0.01900000000023283,BACKFILL_AUTO
2026-04-05 03:00:49,1775358049,CRASH600,24488.533,1,0.08099999999831198,BACKFILL_AUTO
2026-04-05 03:00:50,1775358050,CRASH600,24488.552,1,0.01900000000023283,BACKFILL_AUTO
2026-04-05 03:00:51,1775358051,CRASH600,24488.588,1,0.03600000000005821,BACKFILL_AUTO
2026-04-05 03:00:52,1775358052,CRASH600,24488.636,1,0.04799999999886495,BACKFILL_AUTO
2026-04-05 03:00:53,1775358053,CRASH600,24488.645,1,0.009000000001833541,BACKFILL_AUTO
2026-04-05 03:00:54,1775358054,CRASH600,24488.701,1,0.056000000000494765,BACKFILL_AUTO
2026-04-05 03:00:55,1775358055,CRASH600,24488.702,1,0.0010000000002037268,BACKFILL_AUTO
2026-04-05 03:00:56,1775358056,CRASH600,24488.727,1,0.024999999997817213,BACKFILL_AUTO
2026-04-05 03:00:57,1775358057,CRASH600,24488.732,1,0.005000000001018634,BACKFILL_AUTO
2026-04-05 03:00:58,1775358058,CRASH600,24488.741,1,0.009000000001833541,BACKFILL_AUTO
2026-04-05 03:00:59,1775358059,CRASH600,24488.796,1,0.05499999999665306,BACKFILL_AUTO
2026-04-05 03:01:00,1775358060,CRASH600,24488.86,1,0.06400000000212458,BACKFILL_AUTO
2026-04-05 03:01:01,1775358061,CRASH600,24488.894,1,0.033999999999650754,BACKFILL_AUTO
2026-04-05 03:01:02,1775358062,CRASH600,24488.949,1,0.05500000000029104,BACKFILL_AUTO
2026-04-05 03:01:03,1775358063,CRASH600,24489.0,1,0.05099999999947613,BACKFILL_AUTO
2026-04-05 03:01:04,1775358064,CRASH600,24489.052,1,0.05199999999967986,BACKFILL_AUTO
2026-04-05 03:01:05,1775358065,CRASH600,24489.083,1,0.030999999999039574,BACKFILL_AUTO
2026-04-05 03:01:06,1775358066,CRASH600,24489.114,1,0.031000000002677552,BACKFILL_AUTO
2026-04-05 03:01:07,1775358067,CRASH600,24489.182,1,0.06799999999930151,BACKFILL_AUTO
2026-04-05 03:01:08,1775358068,CRASH600,24489.233,1,0.05099999999947613,BACKFILL_AUTO
2026-04-05 03:01:09,1775358069,CRASH600,24489.312,1,0.0790000000015425,BACKFILL_AUTO
2026-04-05 03:01:10,1775358070,CRASH600,24489.333,1,0.020999999997002305,BACKFILL_AUTO
2026-04-05 03:01:11,1775358071,CRASH600,24489.342,1,0.009000000001833541,BACKFILL_AUTO
2026-04-05 03:01:12,1775358072,CRASH600,24489.409,1,0.06699999999909778,BACKFILL_AUTO
2026-04-05 03:01:13,1775358073,CRASH600,24489.466,1,0.05700000000069849,BACKFILL_AUTO
2026-04-05 03:01:14,1775358074,CRASH600,24489.491,1,0.02500000000145519,BACKFILL_AUTO
2026-04-05 03:01:15,1775358075,CRASH600,24489.521,1,0.029999999998835847,BACKFILL_AUTO
2026-04-05 03:01:16,1775358076,CRASH600,24489.567,1,0.0459999999984575,BACKFILL_AUTO
2026-04-05 03:01:17,1775358077,CRASH600,24489.581,1,0.013999999999214197,BACKFILL_AUTO
2026-04-05 03:01:18,1775358078,CRASH600,24489.644,1,0.06300000000192085,BACKFILL_AUTO
2026-04-05 03:01:19,1775358079,CRASH600,24489.718,1,0.07400000000052387,BACKFILL_AUTO
2026-04-05 03:01:20,1775358080,CRASH600,24489.722,1,0.004000000000814907,BACKFILL_AUTO
2026-04-05 03:01:21,1775358081,CRASH600,24489.738,1,0.01599999999962165,BACKFILL_AUTO
2026-04-05 03:01:22,1775358082,CRASH600,24489.745,1,0.006999999997788109,BACKFILL_AUTO
2026-04-05 03:01:23,1775358083,CRASH600,24489.781,1,0.03600000000005821,BACKFILL_AUTO
2026-04-05 03:01:24,1775358084,CRASH600,24489.854,1,0.07300000000032014,BACKFILL_AUTO
2026-04-05 03:01:25,1775358085,CRASH600,24489.854,0,0.0,BACKFILL_AUTO
2026-04-05 03:01:26,1775358086,CRASH600,24489.894,1,0.040000000000873115,BACKFILL_AUTO
2026-04-05 03:01:27,1775358087,CRASH600,24489.943,1,0.04899999999906868,BACKFILL_AUTO
2026-04-05 03:01:28,1775358088,CRASH600,24489.975,1,0.0319999999992433,BACKFILL_AUTO
2026-04-05 03:01:29,1775358089,CRASH600,24490.017,1,0.04200000000128057,BACKFILL_AUTO
2026-04-05 03:01:30,1775358090,CRASH600,24490.055,1,0.03800000000046566,BACKFILL_AUTO
2026-04-05 03:01:31,1775358091,CRASH600,24490.079,1,0.024000000001251465,BACKFILL_AUTO
2026-04-05 03:01:32,1775358092,CRASH600,24490.145,1,0.06599999999889405,BACKFILL_AUTO
2026-04-05 03:01:33,1775358093,CRASH600,24490.219,1,0.07400000000052387,BACKFILL_AUTO
2026-04-05 03:01:34,1775358094,CRASH600,24490.223,1,0.004000000000814907,BACKFILL_AUTO
2026-04-05 03:01:35,1775358095,CRASH600,24490.228,1,0.004999999997380655,BACKFILL_AUTO
2026-04-05 03:01:36,1775358096,CRASH600,24490.296,1,0.06799999999930151,BACKFILL_AUTO
2026-04-05 03:01:37,1775358097,CRASH600,24490.352,1,0.056000000000494765,BACKFILL_AUTO
2026-04-05 03:01:38,1775358098,CRASH600,24490.374,1,0.02200000000084401,BACKFILL_AUTO
2026-04-05 03:01:39,1775358099,CRASH600,24490.386,1,0.011999999998806743,BACKFILL_AUTO
2026-04-05 03:01:40,1775358100,CRASH600,24490.397,1,0.011000000002240995,BACKFILL_AUTO
2026-04-05 03:01:41,1775358101,CRASH600,24490.41,1,0.01299999999901047,BACKFILL_AUTO
2026-04-05 03:01:42,1775358102,CRASH600,24490.456,1,0.0459999999984575,BACKFILL_AUTO
2026-04-05 03:01:43,1775358103,CRASH600,24490.505,1,0.049000000002706656,BACKFILL_AUTO
2026-04-05 03:01:44,1775358104,CRASH600,24490.51,1,0.004999999997380655,BACKFILL_AUTO
2026-04-05 03:01:45,1775358105,CRASH600,24490.549,1,0.03900000000066939,BACKFILL_AUTO
2026-04-05 03:01:46,1775358106,CRASH600,24490.558,1,0.009000000001833541,BACKFILL_AUTO
2026-04-05 03:01:47,1775358107,CRASH600,24490.578,1,0.020000000000436557,BACKFILL_AUTO
2026-04-05 03:01:48,1775358108,CRASH600,24490.641,1,0.06299999999828287,BACKFILL_AUTO
2026-04-05 03:01:49,1775358109,CRASH600,24490.729,1,0.08799999999973807,BACKFILL_AUTO
2026-04-05 03:01:50,1775358110,CRASH600,24490.783,1,0.05400000000008731,BACKFILL_AUTO
2026-04-05 03:01:51,1775358111,CRASH600,24490.807,1,0.024000000001251465,BACKFILL_AUTO
2026-04-05 03:01:52,1775358112,CRASH600,24490.88,1,0.07300000000032014,BACKFILL_AUTO
2026-04-05 03:01:53,1775358113,CRASH600,24490.944,1,0.0639999999984866,BACKFILL_AUTO
2026-04-05 03:01:54,1775358114,CRASH600,24490.975,1,0.030999999999039574,BACKFILL_AUTO
2026-04-05 03:01:55,1775358115,CRASH600,24491.078,1,0.10300000000279397,BACKFILL_AUTO
2026-04-05 03:01:56,1775358116,CRASH600,24491.084,1,0.005999999997584382,BACKFILL_AUTO
2026-04-05 03:01:57,1775358117,CRASH600,24491.185,1,0.10100000000238651,BACKFILL_AUTO
2026-04-05 03:01:58,1775358118,CRASH600,24491.194,1,0.008999999998195563,BACKFILL_AUTO
2026-04-05 03:01:59,1775358119,CRASH600,24491.254,1,0.06000000000130967,BACKFILL_AUTO
2026-04-05 03:02:00,1775358120,CRASH600,24491.341,1,0.08699999999953434,BACKFILL_AUTO
2026-04-05 03:02:01,1775358121,CRASH600,24491.342,1,0.0010000000002037268,BACKFILL_AUTO
2026-04-05 03:02:02,1775358122,CRASH600,24491.361,1,0.01900000000023283,BACKFILL_AUTO
2026-04-05 03:02:03,1775358123,CRASH600,24491.395,1,0.033999999999650754,BACKFILL_AUTO
2026-04-05 03:02:04,1775358124,CRASH600,24491.525,1,0.13000000000101863,BACKFILL_AUTO
2026-04-05 03:02:05,1775358125,CRASH600,24491.528,1,0.0029999999969732016,BACKFILL_AUTO
2026-04-05 03:02:06,1775358126,CRASH600,24491.567,1,0.03900000000066939,BACKFILL_AUTO
2026-04-05 03:02:07,1775358127,CRASH600,24491.611,1,0.04400000000168802,BACKFILL_AUTO
2026-04-05 03:02:08,1775358128,CRASH600,24491.638,1,0.026999999998224666,BACKFILL_AUTO
2026-04-05 03:02:09,1775358129,CRASH600,24491.64,1,0.0020000000004074536,BACKFILL_AUTO
2026-04-05 03:02:10,1775358130,CRASH600,24491.648,1,0.008000000001629815,BACKFILL_AUTO
2026-04-05 03:02:11,1775358131,CRASH600,24491.664,1,0.01599999999962165,BACKFILL_AUTO
2026-04-05 03:02:12,1775358132,CRASH600,24491.673,1,0.008999999998195563,BACKFILL_AUTO
2026-04-05 03:02:13,1775358133,CRASH600,24491.674,1,0.0010000000002037268,BACKFILL_AUTO
2026-04-05 03:02:14,1775358134,CRASH600,24491.732,1,0.05800000000090222,BACKFILL_AUTO
2026-04-05 03:02:15,1775358135,CRASH600,24491.822,1,0.09000000000014552,BACKFILL_AUTO
2026-04-05 03:02:16,1775358136,CRASH600,24491.833,1,0.010999999998603016,BACKFILL_AUTO
2026-04-05 03:02:17,1775358137,CRASH600,24491.886,1,0.052999999999883585,BACKFILL_AUTO
2026-04-05 03:02:18,1775358138,CRASH600,24491.927,1,0.04100000000107684,BACKFILL_AUTO
2026-04-05 03:02:19,1775358139,CRASH600,24492.006,1,0.0790000000015425,BACKFILL_AUTO
2026-04-05 03:02:20,1775358140,CRASH600,24492.018,1,0.011999999998806743,BACKFILL_AUTO
2026-04-05 03:02:21,1775358141,CRASH600,24492.129,1,0.1110000000007858,BACKFILL_AUTO
2026-04-05 03:02:22,1775358142,CRASH600,24492.171,1,0.04199999999764259,BACKFILL_AUTO
2026-04-05 03:02:23,1775358143,CRASH600,24492.213,1,0.04200000000128057,BACKFILL_AUTO
2026-04-05 03:02:24,1775358144,CRASH600,24492.227,1,0.013999999999214197,BACKFILL_AUTO
2026-04-05 03:02:25,1775358145,CRASH600,24492.244,1,0.016999999999825377,BACKFILL_AUTO
2026-04-05 03:02:26,1775358146,CRASH600,24492.286,1,0.04200000000128057,BACKFILL_AUTO
2026-04-05 03:02:27,1775358147,CRASH600,24492.315,1,0.02899999999863212,BACKFILL_AUTO
2026-04-05 03:02:28,1775358148,CRASH600,24492.33,1,0.015000000003055902,BACKFILL_AUTO
2026-04-05 03:02:29,1775358149,CRASH600,24492.361,1,0.030999999999039574,BACKFILL_AUTO
2026-04-05 03:02:30,1775358150,CRASH600,24492.447,1,0.08599999999933061,BACKFILL_AUTO
2026-04-05 03:02:31,1775358151,CRASH600,24492.495,1,0.04799999999886495,BACKFILL_AUTO
2026-04-05 03:02:32,1775358152,CRASH600,24492.513,1,0.018000000000029104,BACKFILL_AUTO
2026-04-05 03:02:33,1775358153,CRASH600,24492.525,1,0.012000000002444722,BACKFILL_AUTO
2026-04-05 03:02:34,1775358154,CRASH600,24492.541,1,0.01599999999962165,BACKFILL_AUTO
2026-04-05 03:02:35,1775358155,CRASH600,24492.564,1,0.02299999999740976,BACKFILL_AUTO
2026-04-05 03:02:36,1775358156,CRASH600,24492.615,1,0.05100000000311411,BACKFILL_AUTO
2026-04-05 03:02:37,1775358157,CRASH600,24492.671,1,0.055999999996856786,BACKFILL_AUTO
2026-04-05 03:02:38,1775358158,CRASH600,24492.675,1,0.004000000000814907,BACKFILL_AUTO
2026-04-05 03:02:39,1775358159,CRASH600,24492.723,1,0.04800000000250293,BACKFILL_AUTO
2026-04-05 03:02:40,1775358160,CRASH600,24492.777,1,0.05399999999644933,BACKFILL_AUTO
2026-04-05 03:02:41,1775358161,CRASH600,24492.803,1,0.02600000000165892,BACKFILL_AUTO
2026-04-05 03:02:42,1775358162,CRASH600,24492.832,1,0.02899999999863212,BACKFILL_AUTO
2026-04-05 03:02:43,1775358163,CRASH600,24492.926,1,0.09400000000096043,BACKFILL_AUTO
2026-04-05 03:02:44,1775358164,CRASH600,24492.947,1,0.021000000000640284,BACKFILL_AUTO
2026-04-05 03:02:45,1775358165,CRASH600,24493.011,1,0.0639999999984866,BACKFILL_AUTO
2026-04-05 03:02:46,1775358166,CRASH600,24493.014,1,0.0030000000006111804,BACKFILL_AUTO
2026-04-05 03:02:47,1775358167,CRASH600,24493.086,1,0.07200000000011642,BACKFILL_AUTO
2026-04-05 03:02:48,1775358168,CRASH600,24493.137,1,0.05099999999947613,BACKFILL_AUTO
2026-04-05 03:02:49,1775358169,CRASH600,24493.154,1,0.016999999999825377,BACKFILL_AUTO
2026-04-05 03:02:50,1775358170,CRASH600,24493.169,1,0.015000000003055902,BACKFILL_AUTO
2026-04-05 03:02:51,1775358171,CRASH600,24493.226,1,0.05699999999706051,BACKFILL_AUTO
2026-04-05 03:02:52,1775358172,CRASH600,24493.284,1,0.05800000000090222,BACKFILL_AUTO
2026-04-05 03:02:53,1775358173,CRASH600,24493.314,1,0.029999999998835847,BACKFILL_AUTO
2026-04-05 03:02:54,1775358174,CRASH600,24493.366,1,0.05200000000331784,BACKFILL_AUTO
2026-04-05 03:02:55,1775358175,CRASH600,24493.375,1,0.008999999998195563,BACKFILL_AUTO
2026-04-05 03:02:56,1775358176,CRASH600,24493.42,1,0.04499999999825377,BACKFILL_AUTO
2026-04-05 03:02:57,1775358177,CRASH600,24493.483,1,0.06300000000192085,BACKFILL_AUTO
2026-04-05 03:02:58,1775358178,CRASH600,24493.525,1,0.04200000000128057,BACKFILL_AUTO
2026-04-05 03:02:59,1775358179,CRASH600,24493.619,1,0.09399999999732245,BACKFILL_AUTO
2026-04-05 03:03:00,1775358180,CRASH600,24493.651,1,0.03200000000288128,BACKFILL_AUTO
2026-04-05 03:03:01,1775358181,CRASH600,24493.694,1,0.04299999999784632,BACKFILL_AUTO
2026-04-05 03:03:02,1775358182,CRASH600,24493.731,1,0.037000000000261934,BACKFILL_AUTO
2026-04-05 03:03:03,1775358183,CRASH600,24493.795,1,0.0639999999984866,BACKFILL_AUTO
2026-04-05 03:03:04,1775358184,CRASH600,24493.869,1,0.07400000000052387,BACKFILL_AUTO
2026-04-05 03:03:05,1775358185,CRASH600,24493.879,1,0.010000000002037268,BACKFILL_AUTO
2026-04-05 03:03:06,1775358186,CRASH600,24493.912,1,0.03299999999944703,BACKFILL_AUTO
2026-04-05 03:03:07,1775358187,CRASH600,24493.927,1,0.014999999999417923,BACKFILL_AUTO
2026-04-05 03:03:08,1775358188,CRASH600,24493.945,1,0.018000000000029104,BACKFILL_AUTO
2026-04-05 03:03:09,1775358189,CRASH600,24494.006,1,0.0610000000015134,BACKFILL_AUTO
2026-04-05 03:03:10,1775358190,CRASH600,24494.05,1,0.04399999999805004,BACKFILL_AUTO
2026-04-05 03:03:11,1775358191,CRASH600,24494.1,1,0.049999999999272404,BACKFILL_AUTO
2026-04-05 03:03:12,1775358192,CRASH600,24494.153,1,0.052999999999883585,BACKFILL_AUTO
2026-04-05 03:03:13,1775358193,CRASH600,24494.163,1,0.010000000002037268,BACKFILL_AUTO
2026-04-05 03:03:14,1775358194,CRASH600,24494.187,1,0.024000000001251465,BACKFILL_AUTO
2026-04-05 03:03:15,1775358195,CRASH600,24494.198,1,0.010999999998603016,BACKFILL_AUTO
2026-04-05 03:03:16,1775358196,CRASH600,24494.253,1,0.05500000000029104,BACKFILL_AUTO
2026-04-05 03:03:17,1775358197,CRASH600,24494.273,1,0.020000000000436557,BACKFILL_AUTO
2026-04-05 03:03:18,1775358198,CRASH600,24494.278,1,0.004999999997380655,BACKFILL_AUTO
2026-04-05 03:03:19,1775358199,CRASH600,24494.348,1,0.07000000000334694,BACKFILL_AUTO
2026-04-05 03:03:20,1775358200,CRASH600,24494.424,1,0.07599999999729334,BACKFILL_AUTO
2026-04-05 03:03:21,1775358201,CRASH600,24494.481,1,0.05700000000069849,BACKFILL_AUTO
2026-04-05 03:03:22,1775358202,CRASH600,24494.576,1,0.09500000000116415,BACKFILL_AUTO
2026-04-05 03:03:23,1775358203,CRASH600,24494.625,1,0.04899999999906868,BACKFILL_AUTO
2026-04-05 03:03:24,1775358204,CRASH600,24494.675,1,0.049999999999272404,BACKFILL_AUTO
2026-04-05 03:03:25,1775358205,CRASH600,24494.772,1,0.0970000000015716,BACKFILL_AUTO
2026-04-05 03:03:26,1775358206,CRASH600,24494.803,1,0.030999999999039574,BACKFILL_AUTO
2026-04-05 03:03:27,1775358207,CRASH600,24494.825,1,0.02200000000084401,BACKFILL_AUTO
2026-04-05 03:03:28,1775358208,CRASH600,24494.854,1,0.02899999999863212,BACKFILL_AUTO
2026-04-05 03:03:29,1775358209,CRASH600,24494.857,1,0.0030000000006111804,BACKFILL_AUTO
2026-04-05 03:03:30,1775358210,CRASH600,24494.883,1,0.02600000000165892,BACKFILL_AUTO
2026-04-05 03:03:31,1775358211,CRASH600,24494.941,1,0.05799999999726424,BACKFILL_AUTO
2026-04-05 03:03:32,1775358212,CRASH600,24494.978,1,0.037000000000261934,BACKFILL_AUTO
2026-04-05 03:03:33,1775358213,CRASH600,24495.032,1,0.05400000000008731,BACKFILL_AUTO
2026-04-05 03:03:34,1775358214,CRASH600,24495.068,1,0.03600000000005821,BACKFILL_AUTO
2026-04-05 03:03:35,1775358215,CRASH600,24495.124,1,0.056000000000494765,BACKFILL_AUTO
2026-04-05 03:03:36,1775358216,CRASH600,24495.166,1,0.04200000000128057,BACKFILL_AUTO
2026-04-05 03:03:37,1775358217,CRASH600,24495.202,1,0.03600000000005821,BACKFILL_AUTO
2026-04-05 03:03:38,1775358218,CRASH600,24495.241,1,0.03900000000066939,BACKFILL_AUTO
2026-04-05 03:03:39,1775358219,CRASH600,24495.247,1,0.005999999997584382,BACKFILL_AUTO
2026-04-05 03:03:40,1775358220,CRASH600,24495.291,1,0.04400000000168802,BACKFILL_AUTO
2026-04-05 03:03:41,1775358221,CRASH600,24495.317,1,0.02599999999802094,BACKFILL_AUTO
2026-04-05 03:03:42,1775358222,CRASH600,24495.398,1,0.08100000000194996,BACKFILL_AUTO
2026-04-05 03:03:43,1775358223,CRASH600,24495.456,1,0.05799999999726424,BACKFILL_AUTO
2026-04-05 03:03:44,1775358224,CRASH600,24495.496,1,0.040000000000873115,BACKFILL_AUTO
2026-04-05 03:03:45,1775358225,CRASH600,24495.573,1,0.07700000000113505,BACKFILL_AUTO
2026-04-05 03:03:46,1775358226,CRASH600,24495.631,1,0.05800000000090222,BACKFILL_AUTO
2026-04-05 03:03:47,1775358227,CRASH600,24495.633,1,0.0020000000004074536,BACKFILL_AUTO
2026-04-05 03:03:48,1775358228,CRASH600,24495.699,1,0.06599999999889405,BACKFILL_AUTO
2026-04-05 03:03:49,1775358229,CRASH600,24495.705,1,0.006000000001222361,BACKFILL_AUTO
2026-04-05 03:03:50,1775358230,CRASH600,24495.734,1,0.02899999999863212,BACKFILL_AUTO
2026-04-05 03:03:51,1775358231,CRASH600,24495.787,1,0.052999999999883585,BACKFILL_AUTO
2026-04-05 03:03:52,1775358232,CRASH600,24495.83,1,0.043000000001484295,BACKFILL_AUTO
2026-04-05 03:03:53,1775358233,CRASH600,24495.845,1,0.014999999999417923,BACKFILL_AUTO
2026-04-05 03:03:54,1775358234,CRASH600,24495.866,1,0.021000000000640284,BACKFILL_AUTO
2026-04-05 03:03:55,1775358235,CRASH600,24495.966,1,0.09999999999854481,BACKFILL_AUTO
2026-04-05 03:03:56,1775358236,CRASH600,24496.016,1,0.049999999999272404,BACKFILL_AUTO
2026-04-05 03:03:57,1775358237,CRASH600,24496.083,1,0.06699999999909778,BACKFILL_AUTO
2026-04-05 03:03:58,1775358238,CRASH600,24496.109,1,0.02600000000165892,BACKFILL_AUTO
2026-04-05 03:03:59,1775358239,CRASH600,24496.136,1,0.026999999998224666,BACKFILL_AUTO
2026-04-05 03:04:00,1775358240,CRASH600,24496.17,1,0.033999999999650754,BACKFILL_AUTO
2026-04-05 03:04:01,1775358241,CRASH600,24496.217,1,0.0470000000022992,BACKFILL_AUTO
2026-04-05 03:04:02,1775358242,CRASH600,24496.292,1,0.0750000000007276,BACKFILL_AUTO
2026-04-05 03:04:03,1775358243,CRASH600,24496.294,1,0.0020000000004074536,BACKFILL_AUTO
2026-04-05 03:04:04,1775358244,CRASH600,24496.299,1,0.004999999997380655,BACKFILL_AUTO
2026-04-05 03:04:05,1775358245,CRASH600,24496.336,1,0.037000000000261934,BACKFILL_AUTO
2026-04-05 03:04:06,1775358246,CRASH600,24496.388,1,0.05199999999967986,BACKFILL_AUTO
2026-04-05 03:04:07,1775358247,CRASH600,24496.43,1,0.04200000000128057,BACKFILL_AUTO
2026-04-05 03:04:08,1775358248,CRASH600,24496.445,1,0.014999999999417923,BACKFILL_AUTO
2026-04-05 03:04:09,1775358249,CRASH600,24496.486,1,0.04100000000107684,BACKFILL_AUTO
2026-04-05 03:04:10,1775358250,CRASH600,24496.532,1,0.0459999999984575,BACKFILL_AUTO
2026-04-05 03:04:11,1775358251,CRASH600,24496.556,1,0.024000000001251465,BACKFILL_AUTO
2026-04-05 03:04:12,1775358252,CRASH600,24496.606,1,0.049999999999272404,BACKFILL_AUTO
2026-04-05 03:04:13,1775358253,CRASH600,24496.616,1,0.010000000002037268,BACKFILL_AUTO
2026-04-05 03:04:14,1775358254,CRASH600,24496.63,1,0.013999999999214197,BACKFILL_AUTO
2026-04-05 03:04:15,1775358255,CRASH600,24496.672,1,0.04199999999764259,BACKFILL_AUTO
2026-04-05 03:04:16,1775358256,CRASH600,24496.684,1,0.012000000002444722,BACKFILL_AUTO
2026-04-05 03:04:17,1775358257,CRASH600,24496.711,1,0.026999999998224666,BACKFILL_AUTO
2026-04-05 03:04:18,1775358258,CRASH600,24496.779,1,0.06799999999930151,BACKFILL_AUTO
2026-04-05 03:04:19,1775358259,CRASH600,24496.802,1,0.023000000001047738,BACKFILL_AUTO
2026-04-05 03:04:20,1775358260,CRASH600,24496.803,1,0.0010000000002037268,BACKFILL_AUTO
2026-04-05 03:04:21,1775358261,CRASH600,24496.823,1,0.020000000000436557,BACKFILL_AUTO
2026-04-05 03:04:22,1775358262,CRASH600,24496.844,1,0.021000000000640284,BACKFILL_AUTO
2026-04-05 03:04:23,1775358263,CRASH600,24496.882,1,0.03800000000046566,BACKFILL_AUTO
2026-04-05 03:04:24,1775358264,CRASH600,24496.899,1,0.016999999999825377,BACKFILL_AUTO
2026-04-05 03:04:25,1775358265,CRASH600,24496.952,1,0.052999999999883585,BACKFILL_AUTO
2026-04-05 03:04:26,1775358266,CRASH600,24497.047,1,0.09499999999752617,BACKFILL_AUTO
2026-04-05 03:04:27,1775358267,CRASH600,24497.057,1,0.010000000002037268,BACKFILL_AUTO
2026-04-05 03:04:28,1775358268,CRASH600,24497.078,1,0.021000000000640284,BACKFILL_AUTO
2026-04-05 03:04:29,1775358269,CRASH600,24497.13,1,0.05199999999967986,BACKFILL_AUTO
2026-04-05 03:04:30,1775358270,CRASH600,24497.177,1,0.046999999998661224,BACKFILL_AUTO
2026-04-05 03:04:31,1775358271,CRASH600,24497.217,1,0.040000000000873115,BACKFILL_AUTO
2026-04-05 03:04:32,1775358272,CRASH600,24497.298,1,0.08099999999831198,BACKFILL_AUTO
2026-04-05 03:04:33,1775358273,CRASH600,24497.375,1,0.07700000000113505,BACKFILL_AUTO
2026-04-05 03:04:34,1775358274,CRASH600,24497.436,1,0.0610000000015134,BACKFILL_AUTO
2026-04-05 03:04:35,1775358275,CRASH600,24497.507,1,0.07099999999991269,BACKFILL_AUTO
2026-04-05 03:04:36,1775358276,CRASH600,24497.527,1,0.01999999999679858,BACKFILL_AUTO
2026-04-05 03:04:37,1775358277,CRASH600,24497.532,1,0.005000000001018634,BACKFILL_AUTO
2026-04-05 03:04:38,1775358278,CRASH600,24497.532,0,0.0,BACKFILL_AUTO
2026-04-05 03:04:39,1775358279,CRASH600,24497.61,1,0.07800000000133878,BACKFILL_AUTO
2026-04-05 03:04:40,1775358280,CRASH600,24497.613,1,0.0030000000006111804,BACKFILL_AUTO
2026-04-05 03:04:41,1775358281,CRASH600,24497.633,1,0.020000000000436557,BACKFILL_AUTO
2026-04-05 03:04:42,1775358282,CRASH600,24497.657,1,0.023999999997613486,BACKFILL_AUTO
2026-04-05 03:04:43,1775358283,CRASH600,24497.692,1,0.03499999999985448,BACKFILL_AUTO
2026-04-05 03:04:44,1775358284,CRASH600,24497.74,1,0.04800000000250293,BACKFILL_AUTO
2026-04-05 03:04:45,1775358285,CRASH600,24497.756,1,0.01599999999962165,BACKFILL_AUTO
2026-04-05 03:04:46,1775358286,CRASH600,24497.82,1,0.0639999999984866,BACKFILL_AUTO
2026-04-05 03:04:47,1775358287,CRASH600,24497.878,1,0.05800000000090222,BACKFILL_AUTO
2026-04-05 03:04:48,1775358288,CRASH600,24497.953,1,0.0750000000007276,BACKFILL_AUTO
2026-04-05 03:04:49,1775358289,CRASH600,24497.999,1,0.0459999999984575,BACKFILL_AUTO
2026-04-05 03:04:50,1775358290,CRASH600,24498.06,1,0.0610000000015134,BACKFILL_AUTO
2026-04-05 03:04:51,1775358291,CRASH600,24498.084,1,0.023999999997613486,BACKFILL_AUTO
2026-04-05 03:04:52,1775358292,CRASH600,24498.117,1,0.03299999999944703,BACKFILL_AUTO
2026-04-05 03:04:53,1775358293,CRASH600,24498.209,1,0.09200000000055297,BACKFILL_AUTO
2026-04-05 03:04:54,1775358294,CRASH600,24498.259,1,0.049999999999272404,BACKFILL_AUTO
2026-04-05 03:04:55,1775358295,CRASH600,24498.315,1,0.056000000000494765,BACKFILL_AUTO
2026-04-05 03:04:56,1775358296,CRASH600,24498.331,1,0.01599999999962165,BACKFILL_AUTO
2026-04-05 03:04:57,1775358297,CRASH600,24498.402,1,0.07099999999991269,BACKFILL_AUTO
2026-04-05 03:04:58,1775358298,CRASH600,24498.447,1,0.04500000000189175,BACKFILL_AUTO
2026-04-05 03:04:59,1775358299,CRASH600,24498.465,1,0.018000000000029104,BACKFILL_AUTO
2026-04-05 03:05:00,1775358300,CRASH600,24498.471,1,0.006000000001222361,BACKFILL_AUTO
2026-04-05 03:05:01,1775358301,CRASH600,24498.475,1,0.0039999999971769284,BACKFILL_AUTO
2026-04-05 03:05:02,1775358302,CRASH600,24498.481,1,0.006000000001222361,BACKFILL_AUTO
2026-04-05 03:05:03,1775358303,CRASH600,24498.557,1,0.07600000000093132,BACKFILL_AUTO
2026-04-05 03:05:04,1775358304,CRASH600,24498.647,1,0.09000000000014552,BACKFILL_AUTO
2026-04-05 03:05:05,1775358305,CRASH600,24498.711,1,0.0639999999984866,BACKFILL_AUTO
2026-04-05 03:05:06,1775358306,CRASH600,24498.773,1,0.062000000001717126,BACKFILL_AUTO
2026-04-05 03:05:07,1775358307,CRASH600,24498.848,1,0.0750000000007276,BACKFILL_AUTO
2026-04-05 03:05:08,1775358308,CRASH600,24498.856,1,0.007999999997991836,BACKFILL_AUTO
2026-04-05 03:05:09,1775358309,CRASH600,24498.871,1,0.014999999999417923,BACKFILL_AUTO
2026-04-05 03:05:10,1775358310,CRASH600,24498.873,1,0.0020000000004074536,BACKFILL_AUTO
2026-04-05 03:05:11,1775358311,CRASH600,24498.895,1,0.02200000000084401,BACKFILL_AUTO
2026-04-05 03:05:12,1775358312,CRASH600,24498.955,1,0.06000000000130967,BACKFILL_AUTO
2026-04-05 03:05:13,1775358313,CRASH600,24498.983,1,0.027999999998428393,BACKFILL_AUTO
2026-04-05 03:05:14,1775358314,CRASH600,24498.996,1,0.01299999999901047,BACKFILL_AUTO
2026-04-05 03:05:15,1775358315,CRASH600,24499.078,1,0.08200000000215368,BACKFILL_AUTO
2026-04-05 03:05:16,1775358316,CRASH600,24499.107,1,0.02899999999863212,BACKFILL_AUTO
2026-04-05 03:05:17,1775358317,CRASH600,24499.235,1,0.12800000000061118,BACKFILL_AUTO
2026-04-05 03:05:18,1775358318,CRASH600,24499.266,1,0.030999999999039574,BACKFILL_AUTO
2026-04-05 03:05:19,1775358319,CRASH600,24499.316,1,0.049999999999272404,BACKFILL_AUTO
2026-04-05 03:05:20,1775358320,CRASH600,24499.327,1,0.011000000002240995,BACKFILL_AUTO
2026-04-05 03:05:21,1775358321,CRASH600,24499.336,1,0.008999999998195563,BACKFILL_AUTO
2026-04-05 03:05:22,1775358322,CRASH600,24499.367,1,0.030999999999039574,BACKFILL_AUTO
2026-04-05 03:05:23,1775358323,CRASH600,24499.393,1,0.02600000000165892,BACKFILL_AUTO
2026-04-05 03:05:24,1775358324,CRASH600,24499.411,1,0.018000000000029104,BACKFILL_AUTO
2026-04-05 03:05:25,1775358325,CRASH600,24499.488,1,0.07700000000113505,BACKFILL_AUTO
2026-04-05 03:05:26,1775358326,CRASH600,24499.519,1,0.030999999999039574,BACKFILL_AUTO
2026-04-05 03:05:27,1775358327,CRASH600,24499.526,1,0.007000000001426088,BACKFILL_AUTO
2026-04-05 03:05:28,1775358328,CRASH600,24499.612,1,0.08599999999933061,BACKFILL_AUTO
2026-04-05 03:05:29,1775358329,CRASH600,24499.746,1,0.13399999999819556,BACKFILL_AUTO
2026-04-05 03:05:30,1775358330,CRASH600,24499.771,1,0.02500000000145519,BACKFILL_AUTO
2026-04-05 03:05:31,1775358331,CRASH600,24499.891,1,0.11999999999898137,BACKFILL_AUTO
2026-04-05 03:05:32,1775358332,CRASH600,24499.938,1,0.046999999998661224,BACKFILL_AUTO
2026-04-05 03:05:33,1775358333,CRASH600,24499.976,1,0.03800000000046566,BACKFILL_AUTO
2026-04-05 03:05:34,1775358334,CRASH600,24500.005,1,0.0290000000022701,BACKFILL_AUTO
2026-04-05 03:05:35,1775358335,CRASH600,24500.039,1,0.033999999999650754,BACKFILL_AUTO
2026-04-05 03:05:36,1775358336,CRASH600,24500.117,1,0.0779999999977008,BACKFILL_AUTO
2026-04-05 03:05:37,1775358337,CRASH600,24500.156,1,0.03900000000066939,BACKFILL_AUTO
2026-04-05 03:05:38,1775358338,CRASH600,24500.185,1,0.0290000000022701,BACKFILL_AUTO
2026-04-05 03:05:39,1775358339,CRASH600,24500.22,1,0.03499999999985448,BACKFILL_AUTO
2026-04-05 03:05:40,1775358340,CRASH600,24500.284,1,0.0639999999984866,BACKFILL_AUTO
2026-04-05 03:05:41,1775358341,CRASH600,24500.326,1,0.04200000000128057,BACKFILL_AUTO
2026-04-05 03:05:42,1775358342,CRASH600,24500.342,1,0.01599999999962165,BACKFILL_AUTO
2026-04-05 03:05:43,1775358343,CRASH600,24500.343,1,0.0010000000002037268,BACKFILL_AUTO
2026-04-05 03:05:44,1775358344,CRASH600,24500.389,1,0.0459999999984575,BACKFILL_AUTO
2026-04-05 03:05:45,1775358345,CRASH600,24500.393,1,0.004000000000814907,BACKFILL_AUTO
2026-04-05 03:05:46,1775358346,CRASH600,24500.467,1,0.07400000000052387,BACKFILL_AUTO
2026-04-05 03:05:47,1775358347,CRASH600,24500.558,1,0.09100000000034925,BACKFILL_AUTO
2026-04-05 03:05:48,1775358348,CRASH600,24500.586,1,0.027999999998428393,BACKFILL_AUTO
2026-04-05 03:05:49,1775358349,CRASH600,24500.636,1,0.049999999999272404,BACKFILL_AUTO
2026-04-05 03:05:50,1775358350,CRASH600,24500.682,1,0.046000000002095476,BACKFILL_AUTO
2026-04-05 03:05:51,1775358351,CRASH600,24500.686,1,0.004000000000814907,BACKFILL_AUTO
2026-04-05 03:05:52,1775358352,CRASH600,24500.702,1,0.01599999999962165,BACKFILL_AUTO
2026-04-05 03:05:53,1775358353,CRASH600,24500.724,1,0.021999999997206032,BACKFILL_AUTO
2026-04-05 03:05:54,1775358354,CRASH600,24500.794,1,0.07000000000334694,BACKFILL_AUTO
2026-04-05 03:05:55,1775358355,CRASH600,24500.808,1,0.013999999999214197,BACKFILL_AUTO
2026-04-05 03:05:56,1775358356,CRASH600,24500.849,1,0.04099999999743886,BACKFILL_AUTO
2026-04-05 03:05:57,1775358357,CRASH600,24500.866,1,0.017000000003463356,BACKFILL_AUTO
2026-04-05 03:05:58,1775358358,CRASH600,24500.897,1,0.030999999999039574,BACKFILL_AUTO
2026-04-05 03:05:59,1775358359,CRASH600,24500.933,1,0.03600000000005821,BACKFILL_AUTO
2026-04-05 03:06:00,1775358360,CRASH600,24500.99,1,0.05700000000069849,BACKFILL_AUTO
2026-04-05 03:06:01,1775358361,CRASH600,24501.043,1,0.052999999999883585,BACKFILL_AUTO
2026-04-05 03:06:02,1775358362,CRASH600,24501.091,1,0.04799999999886495,BACKFILL_AUTO
2026-04-05 03:06:03,1775358363,CRASH600,24501.123,1,0.0319999999992433,BACKFILL_AUTO
2026-04-05 03:06:04,1775358364,CRASH600,24501.155,1,0.0319999999992433,BACKFILL_AUTO
2026-04-05 03:06:05,1775358365,CRASH600,24501.2,1,0.04500000000189175,BACKFILL_AUTO
2026-04-05 03:06:06,1775358366,CRASH600,24501.214,1,0.013999999999214197,BACKFILL_AUTO
2026-04-05 03:06:07,1775358367,CRASH600,24501.256,1,0.04200000000128057,BACKFILL_AUTO
2026-04-05 03:06:08,1775358368,CRASH600,24501.328,1,0.07200000000011642,BACKFILL_AUTO
2026-04-05 03:06:09,1775358369,CRASH600,24501.391,1,0.06299999999828287,BACKFILL_AUTO
2026-04-05 03:06:10,1775358370,CRASH600,24501.397,1,0.006000000001222361,BACKFILL_AUTO
2026-04-05 03:06:11,1775358371,CRASH600,24501.455,1,0.05800000000090222,BACKFILL_AUTO
2026-04-05 03:06:12,1775358372,CRASH600,24501.464,1,0.008999999998195563,BACKFILL_AUTO
2026-04-05 03:06:13,1775358373,CRASH600,24501.498,1,0.033999999999650754,BACKFILL_AUTO
2026-04-05 03:06:14,1775358374,CRASH600,24501.532,1,0.033999999999650754,BACKFILL_AUTO
2026-04-05 03:06:15,1775358375,CRASH600,24501.566,1,0.033999999999650754,BACKFILL_AUTO
2026-04-05 03:06:16,1775358376,CRASH600,24501.621,1,0.05500000000029104,BACKFILL_AUTO
2026-04-05 03:06:17,1775358377,CRASH600,24501.656,1,0.03499999999985448,BACKFILL_AUTO
2026-04-05 03:06:18,1775358378,CRASH600,24501.668,1,0.012000000002444722,BACKFILL_AUTO
2026-04-05 03:06:19,1775358379,CRASH600,24501.674,1,0.005999999997584382,BACKFILL_AUTO
2026-04-05 03:06:20,1775358380,CRASH600,24501.704,1,0.030000000002473826,BACKFILL_AUTO
2026-04-05 03:06:21,1775358381,CRASH600,24501.736,1,0.0319999999992433,BACKFILL_AUTO
2026-04-05 03:06:22,1775358382,CRASH600,24501.816,1,0.07999999999810825,BACKFILL_AUTO
2026-04-05 03:06:23,1775358383,CRASH600,24501.882,1,0.06600000000253203,BACKFILL_AUTO
2026-04-05 03:06:24,1775358384,CRASH600,24501.885,1,0.0029999999969732016,BACKFILL_AUTO
2026-04-05 03:06:25,1775358385,CRASH600,24501.925,1,0.040000000000873115,BACKFILL_AUTO
2026-04-05 03:06:26,1775358386,CRASH600,24501.943,1,0.018000000000029104,BACKFILL_AUTO
2026-04-05 03:06:27,1775358387,CRASH600,24502.021,1,0.07800000000133878,BACKFILL_AUTO
2026-04-05 03:06:28,1775358388,CRASH600,24502.058,1,0.037000000000261934,BACKFILL_AUTO
2026-04-05 03:06:29,1775358389,CRASH600,24502.064,1,0.005999999997584382,BACKFILL_AUTO
2026-04-05 03:06:30,1775358390,CRASH600,24502.157,1,0.0930000000007567,BACKFILL_AUTO
2026-04-05 03:06:31,1775358391,CRASH600,24502.194,1,0.037000000000261934,BACKFILL_AUTO
2026-04-05 03:06:32,1775358392,CRASH600,24502.252,1,0.05800000000090222,BACKFILL_AUTO
2026-04-05 03:06:33,1775358393,CRASH600,24502.309,1,0.05700000000069849,BACKFILL_AUTO
2026-04-05 03:06:34,1775358394,CRASH600,24502.311,1,0.0020000000004074536,BACKFILL_AUTO
2026-04-05 03:06:35,1775358395,CRASH600,24502.316,1,0.004999999997380655,BACKFILL_AUTO
2026-04-05 03:06:36,1775358396,CRASH600,24502.359,1,0.043000000001484295,BACKFILL_AUTO
2026-04-05 03:06:37,1775358397,CRASH600,24502.392,1,0.03299999999944703,BACKFILL_AUTO
2026-04-05 03:06:38,1775358398,CRASH600,24502.471,1,0.0790000000015425,BACKFILL_AUTO
2026-04-05 03:06:39,1775358399,CRASH600,24502.514,1,0.04299999999784632,BACKFILL_AUTO
2026-04-05 03:06:40,1775358400,CRASH600,24502.608,1,0.09400000000096043,BACKFILL_AUTO
2026-04-05 03:06:41,1775358401,CRASH600,24502.663,1,0.05500000000029104,BACKFILL_AUTO
2026-04-05 03:06:42,1775358402,CRASH600,24502.718,1,0.05500000000029104,BACKFILL_AUTO
2026-04-05 03:06:43,1775358403,CRASH600,24502.725,1,0.006999999997788109,BACKFILL_AUTO
2026-04-05 03:06:44,1775358404,CRASH600,24502.796,1,0.07099999999991269,BACKFILL_AUTO
2026-04-05 03:06:45,1775358405,CRASH600,24502.879,1,0.08300000000235741,BACKFILL_AUTO
2026-04-05 03:06:46,1775358406,CRASH600,24502.945,1,0.06599999999889405,BACKFILL_AUTO
2026-04-05 03:06:47,1775358407,CRASH600,24503.012,1,0.06699999999909778,BACKFILL_AUTO
2026-04-05 03:06:48,1775358408,CRASH600,24503.032,1,0.020000000000436557,BACKFILL_AUTO
2026-04-05 03:06:49,1775358409,CRASH600,24503.117,1,0.08499999999912689,BACKFILL_AUTO
2026-04-05 03:06:50,1775358410,CRASH600,24503.123,1,0.006000000001222361,BACKFILL_AUTO
2026-04-05 03:06:51,1775358411,CRASH600,24503.15,1,0.027000000001862645,BACKFILL_AUTO
2026-04-05 03:06:52,1775358412,CRASH600,24503.16,1,0.00999999999839929,BACKFILL_AUTO
2026-04-05 03:06:53,1775358413,CRASH600,24503.181,1,0.021000000000640284,BACKFILL_AUTO
2026-04-05 03:06:54,1775358414,CRASH600,24503.238,1,0.05700000000069849,BACKFILL_AUTO
2026-04-05 03:06:55,1775358415,CRASH600,24503.273,1,0.03499999999985448,BACKFILL_AUTO
2026-04-05 03:06:56,1775358416,CRASH600,24503.282,1,0.008999999998195563,BACKFILL_AUTO
2026-04-05 03:06:57,1775358417,CRASH600,24503.391,1,0.10900000000037835,BACKFILL_AUTO
2026-04-05 03:06:58,1775358418,CRASH600,24503.423,1,0.0319999999992433,BACKFILL_AUTO
2026-04-05 03:06:59,1775358419,CRASH600,24503.469,1,0.046000000002095476,BACKFILL_AUTO
2026-04-05 03:07:00,1775358420,CRASH600,24503.541,1,0.07200000000011642,BACKFILL_AUTO
2026-04-05 03:07:01,1775358421,CRASH600,24503.572,1,0.030999999999039574,BACKFILL_AUTO
2026-04-05 03:07:02,1775358422,CRASH600,24503.605,1,0.03299999999944703,BACKFILL_AUTO
2026-04-05 03:07:03,1775358423,CRASH600,24503.685,1,0.08000000000174623,BACKFILL_AUTO
2026-04-05 03:07:04,1775358424,CRASH600,24503.758,1,0.07300000000032014,BACKFILL_AUTO
2026-04-05 03:07:05,1775358425,CRASH600,24503.817,1,0.05899999999746797,BACKFILL_AUTO
2026-04-05 03:07:06,1775358426,CRASH600,24503.833,1,0.01599999999962165,BACKFILL_AUTO
2026-04-05 03:07:07,1775358427,CRASH600,24503.911,1,0.07800000000133878,BACKFILL_AUTO
2026-04-05 03:07:08,1775358428,CRASH600,24503.915,1,0.004000000000814907,BACKFILL_AUTO
2026-04-05 03:07:09,1775358429,CRASH600,24503.963,1,0.04799999999886495,BACKFILL_AUTO
2026-04-05 03:07:10,1775358430,CRASH600,24503.973,1,0.010000000002037268,BACKFILL_AUTO
2026-04-05 03:07:11,1775358431,CRASH600,24504.033,1,0.059999999997671694,BACKFILL_AUTO
2026-04-05 03:07:12,1775358432,CRASH600,24504.052,1,0.01900000000023283,BACKFILL_AUTO
2026-04-05 03:07:13,1775358433,CRASH600,24504.065,1,0.01299999999901047,BACKFILL_AUTO
2026-04-05 03:07:14,1775358434,CRASH600,24504.117,1,0.05199999999967986,BACKFILL_AUTO
2026-04-05 03:07:15,1775358435,CRASH600,24504.141,1,0.024000000001251465,BACKFILL_AUTO
2026-04-05 03:07:16,1775358436,CRASH600,24504.168,1,0.027000000001862645,BACKFILL_AUTO
2026-04-05 03:07:17,1775358437,CRASH600,24504.183,1,0.014999999999417923,BACKFILL_AUTO
2026-04-05 03:07:18,1775358438,CRASH600,24504.206,1,0.02299999999740976,BACKFILL_AUTO
2026-04-05 03:07:19,1775358439,CRASH600,24504.306,1,0.10000000000218279,BACKFILL_AUTO
2026-04-05 03:07:20,1775358440,CRASH600,24504.314,1,0.007999999997991836,BACKFILL_AUTO
2026-04-05 03:07:21,1775358441,CRASH600,24504.395,1,0.08100000000194996,BACKFILL_AUTO
2026-04-05 03:07:22,1775358442,CRASH600,24504.446,1,0.05099999999947613,BACKFILL_AUTO
2026-04-05 03:07:23,1775358443,CRASH600,24504.491,1,0.04500000000189175,BACKFILL_AUTO
2026-04-05 03:07:24,1775358444,CRASH600,24504.507,1,0.01599999999962165,BACKFILL_AUTO
2026-04-05 03:07:25,1775358445,CRASH600,24504.523,1,0.01599999999962165,BACKFILL_AUTO
2026-04-05 03:07:26,1775358446,CRASH600,24504.529,1,0.005999999997584382,BACKFILL_AUTO
2026-04-05 03:07:27,1775358447,CRASH600,24504.546,1,0.016999999999825377,BACKFILL_AUTO
2026-04-05 03:07:28,1775358448,CRASH600,24504.594,1,0.04800000000250293,BACKFILL_AUTO
2026-04-05 03:07:29,1775358449,CRASH600,24504.598,1,0.004000000000814907,BACKFILL_AUTO
2026-04-05 03:07:30,1775358450,CRASH600,24504.65,1,0.05199999999967986,BACKFILL_AUTO
2026-04-05 03:07:31,1775358451,CRASH600,24504.721,1,0.07099999999991269,BACKFILL_AUTO
2026-04-05 03:07:32,1775358452,CRASH600,24504.726,1,0.004999999997380655,BACKFILL_AUTO
2026-04-05 03:07:33,1775358453,CRASH600,24504.73,1,0.004000000000814907,BACKFILL_AUTO
2026-04-05 03:07:34,1775358454,CRASH600,24504.807,1,0.07700000000113505,BACKFILL_AUTO
2026-04-05 03:07:35,1775358455,CRASH600,24504.877,1,0.06999999999970896,BACKFILL_AUTO
2026-04-05 03:07:36,1775358456,CRASH600,24504.913,1,0.03600000000005821,BACKFILL_AUTO
2026-04-05 03:07:37,1775358457,CRASH600,24504.923,1,0.00999999999839929,BACKFILL_AUTO
2026-04-05 03:07:38,1775358458,CRASH600,24504.966,1,0.043000000001484295,BACKFILL_AUTO
2026-04-05 03:07:39,1775358459,CRASH600,24505.056,1,0.09000000000014552,BACKFILL_AUTO
2026-04-05 03:07:40,1775358460,CRASH600,24505.09,1,0.033999999999650754,BACKFILL_AUTO
2026-04-05 03:07:41,1775358461,CRASH600,24505.1,1,0.00999999999839929,BACKFILL_AUTO
2026-04-05 03:07:42,1775358462,CRASH600,24505.102,1,0.0020000000004074536,BACKFILL_AUTO
2026-04-05 03:07:43,1775358463,CRASH600,24505.196,1,0.09400000000096043,BACKFILL_AUTO
2026-04-05 03:07:44,1775358464,CRASH600,24505.244,1,0.04799999999886495,BACKFILL_AUTO
2026-04-05 03:07:45,1775358465,CRASH600,24505.325,1,0.08100000000194996,BACKFILL_AUTO
2026-04-05 03:07:46,1775358466,CRASH600,24505.384,1,0.05899999999746797,BACKFILL_AUTO
2026-04-05 03:07:47,1775358467,CRASH600,24505.401,1,0.017000000003463356,BACKFILL_AUTO
2026-04-05 03:07:48,1775358468,CRASH600,24505.406,1,0.004999999997380655,BACKFILL_AUTO
2026-04-05 03:07:49,1775358469,CRASH600,24505.469,1,0.06300000000192085,BACKFILL_AUTO
2026-04-05 03:07:50,1775358470,CRASH600,24505.543,1,0.07400000000052387,BACKFILL_AUTO
2026-04-05 03:07:51,1775358471,CRASH600,24505.545,1,0.001999999996769475,BACKFILL_AUTO
2026-04-05 03:07:52,1775358472,CRASH600,24505.616,1,0.07100000000355067,BACKFILL_AUTO
2026-04-05 03:07:53,1775358473,CRASH600,24505.652,1,0.03599999999642023,BACKFILL_AUTO
2026-04-05 03:07:54,1775358474,CRASH600,24505.698,1,0.046000000002095476,BACKFILL_AUTO
2026-04-05 03:07:55,1775358475,CRASH600,24505.742,1,0.04399999999805004,BACKFILL_AUTO
2026-04-05 03:07:56,1775358476,CRASH600,24505.812,1,0.07000000000334694,BACKFILL_AUTO
2026-04-05 03:07:57,1775358477,CRASH600,24505.877,1,0.06499999999869033,BACKFILL_AUTO
2026-04-05 03:07:58,1775358478,CRASH600,24505.879,1,0.0020000000004074536,BACKFILL_AUTO
2026-04-05 03:07:59,1775358479,CRASH600,24505.911,1,0.0319999999992433,BACKFILL_AUTO
2026-04-05 03:08:00,1775358480,CRASH600,24505.962,1,0.05099999999947613,BACKFILL_AUTO
2026-04-05 03:08:01,1775358481,CRASH600,24506.026,1,0.06400000000212458,BACKFILL_AUTO
2026-04-05 03:08:02,1775358482,CRASH600,24506.081,1,0.05499999999665306,BACKFILL_AUTO
2026-04-05 03:08:03,1775358483,CRASH600,24506.112,1,0.031000000002677552,BACKFILL_AUTO
2026-04-05 03:08:04,1775358484,CRASH600,24506.155,1,0.04299999999784632,BACKFILL_AUTO
2026-04-05 03:08:05,1775358485,CRASH600,24506.239,1,0.08400000000256114,BACKFILL_AUTO
2026-04-05 03:08:06,1775358486,CRASH600,24506.253,1,0.013999999999214197,BACKFILL_AUTO
2026-04-05 03:08:07,1775358487,CRASH600,24506.258,1,0.005000000001018634,BACKFILL_AUTO
2026-04-05 03:08:08,1775358488,CRASH600,24506.296,1,0.03799999999682768,BACKFILL_AUTO
2026-04-05 03:08:09,1775358489,CRASH600,24506.315,1,0.01900000000023283,BACKFILL_AUTO
2026-04-05 03:08:10,1775358490,CRASH600,24506.326,1,0.011000000002240995,BACKFILL_AUTO
2026-04-05 03:08:11,1775358491,CRASH600,24506.327,1,0.0010000000002037268,BACKFILL_AUTO
2026-04-05 03:08:12,1775358492,CRASH600,24506.36,1,0.03299999999944703,BACKFILL_AUTO
2026-04-05 03:08:13,1775358493,CRASH600,24506.461,1,0.10099999999874854,BACKFILL_AUTO
2026-04-05 03:08:14,1775358494,CRASH600,24506.525,1,0.06400000000212458,BACKFILL_AUTO
2026-04-05 03:08:15,1775358495,CRASH600,24506.572,1,0.046999999998661224,BACKFILL_AUTO
2026-04-05 03:08:16,1775358496,CRASH600,24506.612,1,0.040000000000873115,BACKFILL_AUTO
2026-04-05 03:08:17,1775358497,CRASH600,24506.613,1,0.0010000000002037268,BACKFILL_AUTO
2026-04-05 03:08:18,1775358498,CRASH600,24506.672,1,0.05899999999746797,BACKFILL_AUTO
2026-04-05 03:08:19,1775358499,CRASH600,24506.733,1,0.0610000000015134,BACKFILL_AUTO
2026-04-05 03:08:20,1775358500,CRASH600,24506.756,1,0.023000000001047738,BACKFILL_AUTO
2026-04-05 03:08:21,1775358501,CRASH600,24506.813,1,0.05699999999706051,BACKFILL_AUTO
2026-04-05 03:08:22,1775358502,CRASH600,24506.868,1,0.05500000000029104,BACKFILL_AUTO
2026-04-05 03:08:23,1775358503,CRASH600,24506.881,1,0.013000000002648449,BACKFILL_AUTO
2026-04-05 03:08:24,1775358504,CRASH600,24506.931,1,0.049999999999272404,BACKFILL_AUTO
2026-04-05 03:08:25,1775358505,CRASH600,24507.011,1,0.07999999999810825,BACKFILL_AUTO
2026-04-05 03:08:26,1775358506,CRASH600,24507.046,1,0.03499999999985448,BACKFILL_AUTO
2026-04-05 03:08:27,1775358507,CRASH600,24507.092,1,0.046000000002095476,BACKFILL_AUTO
2026-04-05 03:08:28,1775358508,CRASH600,24507.106,1,0.013999999999214197,BACKFILL_AUTO
2026-04-05 03:08:29,1775358509,CRASH600,24507.164,1,0.05800000000090222,BACKFILL_AUTO
2026-04-05 03:08:30,1775358510,CRASH600,24507.181,1,0.016999999999825377,BACKFILL_AUTO
2026-04-05 03:08:31,1775358511,CRASH600,24507.257,1,0.07600000000093132,BACKFILL_AUTO
2026-04-05 03:08:32,1775358512,CRASH600,24507.324,1,0.06699999999909778,BACKFILL_AUTO
2026-04-05 03:08:33,1775358513,CRASH600,24507.376,1,0.05199999999967986,BACKFILL_AUTO
2026-04-05 03:08:34,1775358514,CRASH600,24507.473,1,0.0970000000015716,BACKFILL_AUTO
2026-04-05 03:08:35,1775358515,CRASH600,24507.554,1,0.08099999999831198,BACKFILL_AUTO
2026-04-05 03:08:36,1775358516,CRASH600,24507.582,1,0.027999999998428393,BACKFILL_AUTO
2026-04-05 03:08:37,1775358517,CRASH600,24507.623,1,0.04100000000107684,BACKFILL_AUTO
2026-04-05 03:08:38,1775358518,CRASH600,24507.672,1,0.04899999999906868,BACKFILL_AUTO
2026-04-05 03:08:39,1775358519,CRASH600,24507.686,1,0.014000000002852175,BACKFILL_AUTO
2026-04-05 03:08:40,1775358520,CRASH600,24507.756,1,0.06999999999970896,BACKFILL_AUTO
2026-04-05 03:08:41,1775358521,CRASH600,24507.791,1,0.03499999999985448,BACKFILL_AUTO
2026-04-05 03:08:42,1775358522,CRASH600,24507.806,1,0.014999999999417923,BACKFILL_AUTO
2026-04-05 03:08:43,1775358523,CRASH600,24507.831,1,0.024999999997817213,BACKFILL_AUTO
2026-04-05 03:08:44,1775358524,CRASH600,24507.837,1,0.006000000001222361,BACKFILL_AUTO
2026-04-05 03:08:45,1775358525,CRASH600,24507.85,1,0.01299999999901047,BACKFILL_AUTO
2026-04-05 03:08:46,1775358526,CRASH600,24507.876,1,0.02600000000165892,BACKFILL_AUTO
2026-04-05 03:08:47,1775358527,CRASH600,24507.966,1,0.09000000000014552,BACKFILL_AUTO
2026-04-05 03:08:48,1775358528,CRASH600,24508.023,1,0.05700000000069849,BACKFILL_AUTO
2026-04-05 03:08:49,1775358529,CRASH600,24508.096,1,0.07300000000032014,BACKFILL_AUTO
2026-04-05 03:08:50,1775358530,CRASH600,24508.12,1,0.023999999997613486,BACKFILL_AUTO
2026-04-05 03:08:51,1775358531,CRASH600,24508.156,1,0.03600000000005821,BACKFILL_AUTO
2026-04-05 03:08:52,1775358532,CRASH600,24508.192,1,0.03600000000005821,BACKFILL_AUTO
2026-04-05 03:08:53,1775358533,CRASH600,24508.239,1,0.0470000000022992,BACKFILL_AUTO
2026-04-05 03:08:54,1775358534,CRASH600,24508.271,1,0.0319999999992433,BACKFILL_AUTO
2026-04-05 03:08:55,1775358535,CRASH600,24508.293,1,0.02200000000084401,BACKFILL_AUTO
2026-04-05 03:08:56,1775358536,CRASH600,24508.318,1,0.024999999997817213,BACKFILL_AUTO
2026-04-05 03:08:57,1775358537,CRASH600,24508.323,1,0.005000000001018634,BACKFILL_AUTO
2026-04-05 03:08:58,1775358538,CRASH600,24508.325,1,0.0020000000004074536,BACKFILL_AUTO
2026-04-05 03:08:59,1775358539,CRASH600,24508.433,1,0.10800000000017462,BACKFILL_AUTO
2026-04-05 03:09:00,1775358540,CRASH600,24508.463,1,0.029999999998835847,BACKFILL_AUTO
2026-04-05 03:09:01,1775358541,CRASH600,24508.567,1,0.10399999999935972,BACKFILL_AUTO
2026-04-05 03:09:02,1775358542,CRASH600,24508.628,1,0.0610000000015134,BACKFILL_AUTO
2026-04-05 03:09:03,1775358543,CRASH600,24508.641,1,0.01299999999901047,BACKFILL_AUTO
2026-04-05 03:09:04,1775358544,CRASH600,24508.682,1,0.04100000000107684,BACKFILL_AUTO
2026-04-05 03:09:05,1775358545,CRASH600,24508.743,1,0.06099999999787542,BACKFILL_AUTO
2026-04-05 03:09:06,1775358546,CRASH600,24508.83,1,0.08700000000317232,BACKFILL_AUTO
2026-04-05 03:09:07,1775358547,CRASH600,24508.838,1,0.007999999997991836,BACKFILL_AUTO
2026-04-05 03:09:08,1775358548,CRASH600,24508.935,1,0.0970000000015716,BACKFILL_AUTO
2026-04-05 03:09:09,1775358549,CRASH600,24509.01,1,0.07499999999708962,BACKFILL_AUTO
2026-04-05 03:09:10,1775358550,CRASH600,24509.035,1,0.02500000000145519,BACKFILL_AUTO
2026-04-05 03:09:11,1775358551,CRASH600,24509.127,1,0.09200000000055297,BACKFILL_AUTO
2026-04-05 03:09:12,1775358552,CRASH600,24509.132,1,0.005000000001018634,BACKFILL_AUTO
2026-04-05 03:09:13,1775358553,CRASH600,24509.167,1,0.03499999999985448,BACKFILL_AUTO
2026-04-05 03:09:14,1775358554,CRASH600,24509.21,1,0.04299999999784632,BACKFILL_AUTO
2026-04-05 03:09:15,1775358555,CRASH600,24509.223,1,0.013000000002648449,BACKFILL_AUTO
2026-04-05 03:09:16,1775358556,CRASH600,24509.289,1,0.06599999999889405,BACKFILL_AUTO
2026-04-05 03:09:17,1775358557,CRASH600,24509.379,1,0.09000000000014552,BACKFILL_AUTO
2026-04-05 03:09:18,1775358558,CRASH600,24509.384,1,0.004999999997380655,BACKFILL_AUTO
2026-04-05 03:09:19,1775358559,CRASH600,24509.422,1,0.03800000000046566,BACKFILL_AUTO
2026-04-05 03:09:20,1775358560,CRASH600,24509.493,1,0.07099999999991269,BACKFILL_AUTO
2026-04-05 03:09:21,1775358561,CRASH600,24509.508,1,0.015000000003055902,BACKFILL_AUTO
2026-04-05 03:09:22,1775358562,CRASH600,24509.597,1,0.08899999999994179,BACKFILL_AUTO
2026-04-05 03:09:23,1775358563,CRASH600,24509.662,1,0.06499999999869033,BACKFILL_AUTO
2026-04-05 03:09:24,1775358564,CRASH600,24509.672,1,0.00999999999839929,BACKFILL_AUTO
2026-04-05 03:09:25,1775358565,CRASH600,24509.786,1,0.11400000000139698,BACKFILL_AUTO
2026-04-05 03:09:26,1775358566,CRASH600,24509.838,1,0.05199999999967986,BACKFILL_AUTO
2026-04-05 03:09:27,1775358567,CRASH600,24509.85,1,0.011999999998806743,BACKFILL_AUTO
2026-04-05 03:09:28,1775358568,CRASH600,24509.858,1,0.008000000001629815,BACKFILL_AUTO
2026-04-05 03:09:29,1775358569,CRASH600,24509.884,1,0.02599999999802094,BACKFILL_AUTO
2026-04-05 03:09:30,1775358570,CRASH600,24509.89,1,0.006000000001222361,BACKFILL_AUTO
2026-04-05 03:09:31,1775358571,CRASH600,24509.995,1,0.10499999999956344,BACKFILL_AUTO
2026-04-05 03:09:32,1775358572,CRASH600,24510.027,1,0.0319999999992433,BACKFILL_AUTO
2026-04-05 03:09:33,1775358573,CRASH600,24510.056,1,0.0290000000022701,BACKFILL_AUTO
2026-04-05 03:09:34,1775358574,CRASH600,24510.06,1,0.004000000000814907,BACKFILL_AUTO
2026-04-05 03:09:35,1775358575,CRASH600,24510.07,1,0.00999999999839929,BACKFILL_AUTO
2026-04-05 03:09:36,1775358576,CRASH600,24510.153,1,0.08299999999871943,BACKFILL_AUTO
2026-04-05 03:09:37,1775358577,CRASH600,24510.21,1,0.05700000000069849,BACKFILL_AUTO
2026-04-05 03:09:38,1775358578,CRASH600,24510.247,1,0.037000000000261934,BACKFILL_AUTO
2026-04-05 03:09:39,1775358579,CRASH600,24510.27,1,0.023000000001047738,BACKFILL_AUTO
2026-04-05 03:09:40,1775358580,CRASH600,24510.3,1,0.029999999998835847,BACKFILL_AUTO
2026-04-05 03:09:41,1775358581,CRASH600,24510.35,1,0.049999999999272404,BACKFILL_AUTO
2026-04-05 03:09:42,1775358582,CRASH600,24510.371,1,0.021000000000640284,BACKFILL_AUTO
2026-04-05 03:09:43,1775358583,CRASH600,24510.471,1,0.10000000000218279,BACKFILL_AUTO
2026-04-05 03:09:44,1775358584,CRASH600,24510.475,1,0.0039999999971769284,BACKFILL_AUTO
2026-04-05 03:09:45,1775358585,CRASH600,24510.559,1,0.08400000000256114,BACKFILL_AUTO
2026-04-05 03:09:46,1775358586,CRASH600,24510.574,1,0.014999999999417923,BACKFILL_AUTO
2026-04-05 03:09:47,1775358587,CRASH600,24510.593,1,0.01900000000023283,BACKFILL_AUTO
2026-04-05 03:09:48,1775358588,CRASH600,24510.601,1,0.007999999997991836,BACKFILL_AUTO
2026-04-05 03:09:49,1775358589,CRASH600,24510.632,1,0.031000000002677552,BACKFILL_AUTO
2026-04-05 03:09:50,1775358590,CRASH600,24510.662,1,0.029999999998835847,BACKFILL_AUTO
2026-04-05 03:09:51,1775358591,CRASH600,24510.696,1,0.033999999999650754,BACKFILL_AUTO
2026-04-05 03:09:52,1775358592,CRASH600,24510.791,1,0.09500000000116415,BACKFILL_AUTO
2026-04-05 03:09:53,1775358593,CRASH600,24510.809,1,0.018000000000029104,BACKFILL_AUTO
2026-04-05 03:09:54,1775358594,CRASH600,24510.837,1,0.027999999998428393,BACKFILL_AUTO
2026-04-05 03:09:55,1775358595,CRASH600,24510.884,1,0.046999999998661224,BACKFILL_AUTO
2026-04-05 03:09:56,1775358596,CRASH600,24510.884,0,0.0,BACKFILL_AUTO
2026-04-05 03:09:57,1775358597,CRASH600,24510.91,1,0.02600000000165892,BACKFILL_AUTO
2026-04-05 03:09:58,1775358598,CRASH600,24510.957,1,0.046999999998661224,BACKFILL_AUTO
2026-04-05 03:09:59,1775358599,CRASH600,24511.042,1,0.08500000000276486,BACKFILL_AUTO
2026-04-05 03:10:00,1775358600,CRASH600,24511.092,1,0.049999999999272404,BACKFILL_AUTO
2026-04-05 03:10:01,1775358601,CRASH600,24511.131,1,0.03900000000066939,BACKFILL_AUTO
2026-04-05 03:10:02,1775358602,CRASH600,24511.165,1,0.033999999999650754,BACKFILL_AUTO
2026-04-05 03:10:03,1775358603,CRASH600,24511.171,1,0.005999999997584382,BACKFILL_AUTO
2026-04-05 03:10:04,1775358604,CRASH600,24511.209,1,0.03800000000046566,BACKFILL_AUTO
2026-04-05 03:10:05,1775358605,CRASH600,24511.237,1,0.028000000002066372,BACKFILL_AUTO
2026-04-05 03:10:06,1775358606,CRASH600,24511.262,1,0.024999999997817213,BACKFILL_AUTO
2026-04-05 03:10:07,1775358607,CRASH600,24511.275,1,0.013000000002648449,BACKFILL_AUTO
2026-04-05 03:10:08,1775358608,CRASH600,24511.291,1,0.01599999999962165,BACKFILL_AUTO
2026-04-05 03:10:09,1775358609,CRASH600,24511.325,1,0.033999999999650754,BACKFILL_AUTO
2026-04-05 03:10:10,1775358610,CRASH600,24511.365,1,0.040000000000873115,BACKFILL_AUTO
2026-04-05 03:10:11,1775358611,CRASH600,24511.366,1,0.0010000000002037268,BACKFILL_AUTO
2026-04-05 03:10:12,1775358612,CRASH600,24511.367,1,0.000999999996565748,BACKFILL_AUTO
2026-04-05 03:10:13,1775358613,CRASH600,24511.372,1,0.005000000001018634,BACKFILL_AUTO
2026-04-05 03:10:14,1775358614,CRASH600,24511.396,1,0.024000000001251465,BACKFILL_AUTO
2026-04-05 03:10:15,1775358615,CRASH600,24511.465,1,0.06899999999950523,BACKFILL_AUTO
2026-04-05 03:10:16,1775358616,CRASH600,24511.557,1,0.09200000000055297,BACKFILL_AUTO
2026-04-05 03:10:17,1775358617,CRASH600,24511.599,1,0.04199999999764259,BACKFILL_AUTO
2026-04-05 03:10:18,1775358618,CRASH600,24511.64,1,0.04100000000107684,BACKFILL_AUTO
2026-04-05 03:10:19,1775358619,CRASH600,24511.693,1,0.052999999999883585,BACKFILL_AUTO
2026-04-05 03:10:20,1775358620,CRASH600,24511.739,1,0.046000000002095476,BACKFILL_AUTO
2026-04-05 03:10:21,1775358621,CRASH600,24511.766,1,0.026999999998224666,BACKFILL_AUTO
2026-04-05 03:10:22,1775358622,CRASH600,24511.773,1,0.007000000001426088,BACKFILL_AUTO
2026-04-05 03:10:23,1775358623,CRASH600,24511.855,1,0.0819999999985157,BACKFILL_AUTO
2026-04-05 03:10:24,1775358624,CRASH600,24511.904,1,0.04899999999906868,BACKFILL_AUTO
2026-04-05 03:10:25,1775358625,CRASH600,24511.913,1,0.009000000001833541,BACKFILL_AUTO
2026-04-05 03:10:26,1775358626,CRASH600,24511.997,1,0.08399999999892316,BACKFILL_AUTO
2026-04-05 03:10:27,1775358627,CRASH600,24512.056,1,0.059000000001105946,BACKFILL_AUTO
2026-04-05 03:10:28,1775358628,CRASH600,24512.123,1,0.06699999999909778,BACKFILL_AUTO
2026-04-05 03:10:29,1775358629,CRASH600,24512.14,1,0.016999999999825377,BACKFILL_AUTO
2026-04-05 03:10:30,1775358630,CRASH600,24512.142,1,0.0020000000004074536,BACKFILL_AUTO
2026-04-05 03:10:31,1775358631,CRASH600,24512.154,1,0.011999999998806743,BACKFILL_AUTO
2026-04-05 03:10:32,1775358632,CRASH600,24512.199,1,0.04500000000189175,BACKFILL_AUTO
2026-04-05 03:10:33,1775358633,CRASH600,24512.242,1,0.04299999999784632,BACKFILL_AUTO
2026-04-05 03:10:34,1775358634,CRASH600,24512.312,1,0.07000000000334694,BACKFILL_AUTO
2026-04-05 03:10:35,1775358635,CRASH600,24512.321,1,0.008999999998195563,BACKFILL_AUTO
2026-04-05 03:10:36,1775358636,CRASH600,24512.346,1,0.02500000000145519,BACKFILL_AUTO
2026-04-05 03:10:37,1775358637,CRASH600,24512.396,1,0.049999999999272404,BACKFILL_AUTO
2026-04-05 03:10:38,1775358638,CRASH600,24512.448,1,0.05199999999967986,BACKFILL_AUTO
2026-04-05 03:10:39,1775358639,CRASH600,24512.515,1,0.06699999999909778,BACKFILL_AUTO
2026-04-05 03:10:40,1775358640,CRASH600,24512.61,1,0.09500000000116415,BACKFILL_AUTO
2026-04-05 03:10:41,1775358641,CRASH600,24512.68,1,0.06999999999970896,BACKFILL_AUTO
2026-04-05 03:10:42,1775358642,CRASH600,24512.713,1,0.03299999999944703,BACKFILL_AUTO
2026-04-05 03:10:43,1775358643,CRASH600,24512.727,1,0.013999999999214197,BACKFILL_AUTO
2026-04-05 03:10:44,1775358644,CRASH600,24512.787,1,0.06000000000130967,BACKFILL_AUTO
2026-04-05 03:10:45,1775358645,CRASH600,24512.812,1,0.02500000000145519,BACKFILL_AUTO
2026-04-05 03:10:46,1775358646,CRASH600,24512.83,1,0.018000000000029104,BACKFILL_AUTO
2026-04-05 03:10:47,1775358647,CRASH600,24512.874,1,0.04399999999805004,BACKFILL_AUTO
2026-04-05 03:10:48,1775358648,CRASH600,24512.88,1,0.006000000001222361,BACKFILL_AUTO
2026-04-05 03:10:49,1775358649,CRASH600,24512.897,1,0.016999999999825377,BACKFILL_AUTO
2026-04-05 03:10:50,1775358650,CRASH600,24512.929,1,0.0319999999992433,BACKFILL_AUTO
2026-04-05 03:10:51,1775358651,CRASH600,24512.935,1,0.006000000001222361,BACKFILL_AUTO
2026-04-05 03:10:52,1775358652,CRASH600,24512.962,1,0.026999999998224666,BACKFILL_AUTO
2026-04-05 03:10:53,1775358653,CRASH600,24513.023,1,0.0610000000015134,BACKFILL_AUTO
2026-04-05 03:10:54,1775358654,CRASH600,24513.086,1,0.06299999999828287,BACKFILL_AUTO
2026-04-05 03:10:55,1775358655,CRASH600,24513.138,1,0.05199999999967986,BACKFILL_AUTO
2026-04-05 03:10:56,1775358656,CRASH600,24513.205,1,0.06700000000273576,BACKFILL_AUTO
2026-04-05 03:10:57,1775358657,CRASH600,24513.268,1,0.06299999999828287,BACKFILL_AUTO
2026-04-05 03:10:58,1775358658,CRASH600,24513.338,1,0.06999999999970896,BACKFILL_AUTO
2026-04-05 03:10:59,1775358659,CRASH600,24513.368,1,0.029999999998835847,BACKFILL_AUTO
2026-04-05 03:11:00,1775358660,CRASH600,24513.456,1,0.08799999999973807,BACKFILL_AUTO
2026-04-05 03:11:01,1775358661,CRASH600,24513.535,1,0.0790000000015425,BACKFILL_AUTO
2026-04-05 03:11:02,1775358662,CRASH600,24513.561,1,0.02600000000165892,BACKFILL_AUTO
2026-04-05 03:11:03,1775358663,CRASH600,24513.573,1,0.011999999998806743,BACKFILL_AUTO
2026-04-05 03:11:04,1775358664,CRASH600,24513.64,1,0.06699999999909778,BACKFILL_AUTO
2026-04-05 03:11:05,1775358665,CRASH600,24513.684,1,0.04400000000168802,BACKFILL_AUTO
2026-04-05 03:11:06,1775358666,CRASH600,24513.696,1,0.011999999998806743,BACKFILL_AUTO
2026-04-05 03:11:07,1775358667,CRASH600,24513.783,1,0.08699999999953434,BACKFILL_AUTO
2026-04-05 03:11:08,1775358668,CRASH600,24513.79,1,0.007000000001426088,BACKFILL_AUTO
2026-04-05 03:11:09,1775358669,CRASH600,24513.794,1,0.004000000000814907,BACKFILL_AUTO
2026-04-05 03:11:10,1775358670,CRASH600,24513.803,1,0.008999999998195563,BACKFILL_AUTO
2026-04-05 03:11:11,1775358671,CRASH600,24513.848,1,0.04500000000189175,BACKFILL_AUTO
2026-04-05 03:11:12,1775358672,CRASH600,24513.95,1,0.10199999999895226,BACKFILL_AUTO
2026-04-05 03:11:13,1775358673,CRASH600,24513.993,1,0.04299999999784632,BACKFILL_AUTO
2026-04-05 03:11:14,1775358674,CRASH600,24514.018,1,0.02500000000145519,BACKFILL_AUTO
2026-04-05 03:11:15,1775358675,CRASH600,24514.054,1,0.03600000000005821,BACKFILL_AUTO
2026-04-05 03:11:16,1775358676,CRASH600,24514.071,1,0.016999999999825377,BACKFILL_AUTO
2026-04-05 03:11:17,1775358677,CRASH600,24514.147,1,0.07600000000093132,BACKFILL_AUTO
2026-04-05 03:11:18,1775358678,CRASH600,24514.169,1,0.02200000000084401,BACKFILL_AUTO
2026-04-05 03:11:19,1775358679,CRASH600,24514.24,1,0.07099999999991269,BACKFILL_AUTO
2026-04-05 03:11:20,1775358680,CRASH600,24514.299,1,0.05899999999746797,BACKFILL_AUTO
2026-04-05 03:11:21,1775358681,CRASH600,24514.362,1,0.06300000000192085,BACKFILL_AUTO
2026-04-05 03:11:22,1775358682,CRASH600,24514.413,1,0.05099999999947613,BACKFILL_AUTO
2026-04-05 03:11:23,1775358683,CRASH600,24514.429,1,0.01599999999962165,BACKFILL_AUTO
2026-04-05 03:11:24,1775358684,CRASH600,24514.468,1,0.03900000000066939,BACKFILL_AUTO
2026-04-05 03:11:25,1775358685,CRASH600,24514.482,1,0.013999999999214197,BACKFILL_AUTO
2026-04-05 03:11:26,1775358686,CRASH600,24514.496,1,0.013999999999214197,BACKFILL_AUTO
2026-04-05 03:11:27,1775358687,CRASH600,24514.541,1,0.04500000000189175,BACKFILL_AUTO
2026-04-05 03:11:28,1775358688,CRASH600,24514.579,1,0.03800000000046566,BACKFILL_AUTO
2026-04-05 03:11:29,1775358689,CRASH600,24514.645,1,0.06599999999889405,BACKFILL_AUTO
2026-04-05 03:11:30,1775358690,CRASH600,24514.749,1,0.10399999999935972,BACKFILL_AUTO
2026-04-05 03:11:31,1775358691,CRASH600,24514.796,1,0.046999999998661224,BACKFILL_AUTO
2026-04-05 03:11:32,1775358692,CRASH600,24514.809,1,0.013000000002648449,BACKFILL_AUTO
2026-04-05 03:11:33,1775358693,CRASH600,24514.866,1,0.05700000000069849,BACKFILL_AUTO
2026-04-05 03:11:34,1775358694,CRASH600,24514.88,1,0.013999999999214197,BACKFILL_AUTO
2026-04-05 03:11:35,1775358695,CRASH600,24514.924,1,0.04399999999805004,BACKFILL_AUTO
2026-04-05 03:11:36,1775358696,CRASH600,24514.944,1,0.020000000000436557,BACKFILL_AUTO
2026-04-05 03:11:37,1775358697,CRASH600,24515.004,1,0.06000000000130967,BACKFILL_AUTO
2026-04-05 03:11:38,1775358698,CRASH600,24515.073,1,0.06899999999950523,BACKFILL_AUTO
2026-04-05 03:11:39,1775358699,CRASH600,24515.105,1,0.0319999999992433,BACKFILL_AUTO
2026-04-05 03:11:40,1775358700,CRASH600,24515.181,1,0.07600000000093132,BACKFILL_AUTO
2026-04-05 03:11:41,1775358701,CRASH600,24515.243,1,0.06199999999807915,BACKFILL_AUTO
2026-04-05 03:11:42,1775358702,CRASH600,24515.244,1,0.0010000000002037268,BACKFILL_AUTO
2026-04-05 03:11:43,1775358703,CRASH600,24515.25,1,0.006000000001222361,BACKFILL_AUTO
2026-04-05 03:11:44,1775358704,CRASH600,24515.257,1,0.007000000001426088,BACKFILL_AUTO
2026-04-05 03:11:45,1775358705,CRASH600,24515.27,1,0.01299999999901047,BACKFILL_AUTO
2026-04-05 03:11:46,1775358706,CRASH600,24515.308,1,0.03800000000046566,BACKFILL_AUTO
2026-04-05 03:11:47,1775358707,CRASH600,24515.344,1,0.03600000000005821,BACKFILL_AUTO
2026-04-05 03:11:48,1775358708,CRASH600,24515.482,1,0.13799999999901047,BACKFILL_AUTO
2026-04-05 03:11:49,1775358709,CRASH600,24515.495,1,0.01299999999901047,BACKFILL_AUTO
2026-04-05 03:11:50,1775358710,CRASH600,24515.518,1,0.023000000001047738,BACKFILL_AUTO
2026-04-05 03:11:51,1775358711,CRASH600,24515.597,1,0.0790000000015425,BACKFILL_AUTO
2026-04-05 03:11:52,1775358712,CRASH600,24515.675,1,0.0779999999977008,BACKFILL_AUTO
2026-04-05 03:11:53,1775358713,CRASH600,24515.688,1,0.01299999999901047,BACKFILL_AUTO
2026-04-05 03:11:54,1775358714,CRASH600,24515.726,1,0.03800000000046566,BACKFILL_AUTO
2026-04-05 03:11:55,1775358715,CRASH600,24515.775,1,0.049000000002706656,BACKFILL_AUTO
2026-04-05 03:11:56,1775358716,CRASH600,24515.783,1,0.007999999997991836,BACKFILL_AUTO
2026-04-05 03:11:57,1775358717,CRASH600,24515.802,1,0.01900000000023283,BACKFILL_AUTO
2026-04-05 03:11:58,1775358718,CRASH600,24515.846,1,0.04400000000168802,BACKFILL_AUTO
2026-04-05 03:11:59,1775358719,CRASH600,24515.858,1,0.011999999998806743,BACKFILL_AUTO
2026-04-05 03:12:00,1775358720,CRASH600,24515.907,1,0.04899999999906868,BACKFILL_AUTO
2026-04-05 03:12:01,1775358721,CRASH600,24515.936,1,0.0290000000022701,BACKFILL_AUTO
2026-04-05 03:12:02,1775358722,CRASH600,24516.003,1,0.06699999999909778,BACKFILL_AUTO
2026-04-05 03:12:03,1775358723,CRASH600,24516.025,1,0.02200000000084401,BACKFILL_AUTO
2026-04-05 03:12:04,1775358724,CRASH600,24516.076,1,0.05099999999947613,BACKFILL_AUTO
2026-04-05 03:12:05,1775358725,CRASH600,24516.11,1,0.033999999999650754,BACKFILL_AUTO
2026-04-05 03:12:06,1775358726,CRASH600,24516.164,1,0.05400000000008731,BACKFILL_AUTO
2026-04-05 03:12:07,1775358727,CRASH600,24516.179,1,0.014999999999417923,BACKFILL_AUTO
2026-04-05 03:12:08,1775358728,CRASH600,24516.281,1,0.10199999999895226,BACKFILL_AUTO
2026-04-05 03:12:09,1775358729,CRASH600,24516.322,1,0.04100000000107684,BACKFILL_AUTO
2026-04-05 03:12:10,1775358730,CRASH600,24516.334,1,0.011999999998806743,BACKFILL_AUTO
2026-04-05 03:12:11,1775358731,CRASH600,24516.368,1,0.033999999999650754,BACKFILL_AUTO
2026-04-05 03:12:12,1775358732,CRASH600,24516.438,1,0.06999999999970896,BACKFILL_AUTO
2026-04-05 03:12:13,1775358733,CRASH600,24516.463,1,0.02500000000145519,BACKFILL_AUTO
2026-04-05 03:12:14,1775358734,CRASH600,24516.526,1,0.06300000000192085,BACKFILL_AUTO
2026-04-05 03:12:15,1775358735,CRASH600,24516.567,1,0.04099999999743886,BACKFILL_AUTO
2026-04-05 03:12:16,1775358736,CRASH600,24516.58,1,0.013000000002648449,BACKFILL_AUTO
2026-04-05 03:12:17,1775358737,CRASH600,24516.63,1,0.049999999999272404,BACKFILL_AUTO
2026-04-05 03:12:18,1775358738,CRASH600,24516.691,1,0.06099999999787542,BACKFILL_AUTO
2026-04-05 03:12:19,1775358739,CRASH600,24516.702,1,0.011000000002240995,BACKFILL_AUTO
2026-04-05 03:12:20,1775358740,CRASH600,24516.703,1,0.0010000000002037268,BACKFILL_AUTO
2026-04-05 03:12:21,1775358741,CRASH600,24516.741,1,0.03800000000046566,BACKFILL_AUTO
2026-04-05 03:12:22,1775358742,CRASH600,24516.844,1,0.10299999999915599,BACKFILL_AUTO
2026-04-05 03:12:23,1775358743,CRASH600,24516.916,1,0.07200000000011642,BACKFILL_AUTO
2026-04-05 03:12:24,1775358744,CRASH600,24516.958,1,0.04199999999764259,BACKFILL_AUTO
2026-04-05 03:12:25,1775358745,CRASH600,24516.961,1,0.0030000000006111804,BACKFILL_AUTO
2026-04-05 03:12:26,1775358746,CRASH600,24516.996,1,0.03499999999985448,BACKFILL_AUTO
2026-04-05 03:12:27,1775358747,CRASH600,24517.038,1,0.04200000000128057,BACKFILL_AUTO
2026-04-05 03:12:28,1775358748,CRASH600,24517.065,1,0.026999999998224666,BACKFILL_AUTO
2026-04-05 03:12:29,1775358749,CRASH600,24517.116,1,0.05100000000311411,BACKFILL_AUTO
2026-04-05 03:12:30,1775358750,CRASH600,24517.167,1,0.05099999999947613,BACKFILL_AUTO
2026-04-05 03:12:31,1775358751,CRASH600,24517.186,1,0.01900000000023283,BACKFILL_AUTO
2026-04-05 03:12:32,1775358752,CRASH600,24517.216,1,0.029999999998835847,BACKFILL_AUTO
2026-04-05 03:12:33,1775358753,CRASH600,24517.227,1,0.010999999998603016,BACKFILL_AUTO
2026-04-05 03:12:34,1775358754,CRASH600,24517.3,1,0.07300000000032014,BACKFILL_AUTO
2026-04-05 03:12:35,1775358755,CRASH600,24517.3,0,0.0,BACKFILL_AUTO
2026-04-05 03:12:36,1775358756,CRASH600,24517.337,1,0.037000000000261934,BACKFILL_AUTO
2026-04-05 03:12:37,1775358757,CRASH600,24517.388,1,0.05099999999947613,BACKFILL_AUTO
2026-04-05 03:12:38,1775358758,CRASH600,24517.481,1,0.0930000000007567,BACKFILL_AUTO
2026-04-05 03:12:39,1775358759,CRASH600,24517.495,1,0.013999999999214197,BACKFILL_AUTO
2026-04-05 03:12:40,1775358760,CRASH600,24517.518,1,0.023000000001047738,BACKFILL_AUTO
2026-04-05 03:12:41,1775358761,CRASH600,24517.551,1,0.03299999999944703,BACKFILL_AUTO
2026-04-05 03:12:42,1775358762,CRASH600,24517.601,1,0.049999999999272404,BACKFILL_AUTO
2026-04-05 03:12:43,1775358763,CRASH600,24517.681,1,0.08000000000174623,BACKFILL_AUTO
2026-04-05 03:12:44,1775358764,CRASH600,24517.728,1,0.046999999998661224,BACKFILL_AUTO
2026-04-05 03:12:45,1775358765,CRASH600,24517.766,1,0.03800000000046566,BACKFILL_AUTO
2026-04-05 03:12:46,1775358766,CRASH600,24517.769,1,0.0030000000006111804,BACKFILL_AUTO
2026-04-05 03:12:47,1775358767,CRASH600,24517.775,1,0.006000000001222361,BACKFILL_AUTO
2026-04-05 03:12:48,1775358768,CRASH600,24517.792,1,0.016999999999825377,BACKFILL_AUTO
2026-04-05 03:12:49,1775358769,CRASH600,24517.81,1,0.018000000000029104,BACKFILL_AUTO
2026-04-05 03:12:50,1775358770,CRASH600,24517.916,1,0.10599999999976717,BACKFILL_AUTO
2026-04-05 03:12:51,1775358771,CRASH600,24517.974,1,0.05799999999726424,BACKFILL_AUTO
2026-04-05 03:12:52,1775358772,CRASH600,24518.019,1,0.04500000000189175,BACKFILL_AUTO
2026-04-05 03:12:53,1775358773,CRASH600,24518.048,1,0.02899999999863212,BACKFILL_AUTO
2026-04-05 03:12:54,1775358774,CRASH600,24518.07,1,0.02200000000084401,BACKFILL_AUTO
2026-04-05 03:12:55,1775358775,CRASH600,24518.13,1,0.06000000000130967,BACKFILL_AUTO
2026-04-05 03:12:56,1775358776,CRASH600,24518.191,1,0.06099999999787542,BACKFILL_AUTO
2026-04-05 03:12:57,1775358777,CRASH600,24518.195,1,0.004000000000814907,BACKFILL_AUTO
2026-04-05 03:12:58,1775358778,CRASH600,24518.209,1,0.013999999999214197,BACKFILL_AUTO
2026-04-05 03:12:59,1775358779,CRASH600,24518.264,1,0.05500000000029104,BACKFILL_AUTO
2026-04-05 03:13:00,1775358780,CRASH600,24518.351,1,0.08699999999953434,BACKFILL_AUTO
2026-04-05 03:13:01,1775358781,CRASH600,24518.369,1,0.018000000000029104,BACKFILL_AUTO
2026-04-05 03:13:02,1775358782,CRASH600,24518.41,1,0.04100000000107684,BACKFILL_AUTO
2026-04-05 03:13:03,1775358783,CRASH600,24518.418,1,0.008000000001629815,BACKFILL_AUTO
2026-04-05 03:13:04,1775358784,CRASH600,24518.423,1,0.004999999997380655,BACKFILL_AUTO
2026-04-05 03:13:05,1775358785,CRASH600,24518.468,1,0.04500000000189175,BACKFILL_AUTO
2026-04-05 03:13:06,1775358786,CRASH600,24518.492,1,0.023999999997613486,BACKFILL_AUTO
2026-04-05 03:13:07,1775358787,CRASH600,24518.531,1,0.03900000000066939,BACKFILL_AUTO
2026-04-05 03:13:08,1775358788,CRASH600,24518.581,1,0.049999999999272404,BACKFILL_AUTO
2026-04-05 03:13:09,1775358789,CRASH600,24518.587,1,0.006000000001222361,BACKFILL_AUTO
2026-04-05 03:13:10,1775358790,CRASH600,24518.689,1,0.10199999999895226,BACKFILL_AUTO
2026-04-05 03:13:11,1775358791,CRASH600,24518.73,1,0.04100000000107684,BACKFILL_AUTO
2026-04-05 03:13:12,1775358792,CRASH600,24518.803,1,0.07300000000032014,BACKFILL_AUTO
2026-04-05 03:13:13,1775358793,CRASH600,24518.867,1,0.0639999999984866,BACKFILL_AUTO
2026-04-05 03:13:14,1775358794,CRASH600,24518.873,1,0.006000000001222361,BACKFILL_AUTO
2026-04-05 03:13:15,1775358795,CRASH600,24518.883,1,0.010000000002037268,BACKFILL_AUTO
2026-04-05 03:13:16,1775358796,CRASH600,24518.97,1,0.08699999999953434,BACKFILL_AUTO
2026-04-05 03:13:17,1775358797,CRASH600,24519.041,1,0.07099999999991269,BACKFILL_AUTO
2026-04-05 03:13:18,1775358798,CRASH600,24519.071,1,0.029999999998835847,BACKFILL_AUTO
2026-04-05 03:13:19,1775358799,CRASH600,24519.08,1,0.009000000001833541,BACKFILL_AUTO
2026-04-05 03:13:20,1775358800,CRASH600,24519.127,1,0.046999999998661224,BACKFILL_AUTO
2026-04-05 03:13:21,1775358801,CRASH600,24519.139,1,0.011999999998806743,BACKFILL_AUTO
2026-04-05 03:13:22,1775358802,CRASH600,24519.211,1,0.07200000000011642,BACKFILL_AUTO
2026-04-05 03:13:23,1775358803,CRASH600,24519.295,1,0.08399999999892316,BACKFILL_AUTO
2026-04-05 03:13:24,1775358804,CRASH600,24519.305,1,0.010000000002037268,BACKFILL_AUTO
2026-04-05 03:13:25,1775358805,CRASH600,24519.326,1,0.021000000000640284,BACKFILL_AUTO
2026-04-05 03:13:26,1775358806,CRASH600,24519.4,1,0.07400000000052387,BACKFILL_AUTO
2026-04-05 03:13:27,1775358807,CRASH600,24519.469,1,0.06899999999950523,BACKFILL_AUTO
2026-04-05 03:13:28,1775358808,CRASH600,24519.495,1,0.02599999999802094,BACKFILL_AUTO
2026-04-05 03:13:29,1775358809,CRASH600,24519.533,1,0.03800000000046566,BACKFILL_AUTO
2026-04-05 03:13:30,1775358810,CRASH600,24519.624,1,0.09100000000034925,BACKFILL_AUTO
2026-04-05 03:13:31,1775358811,CRASH600,24519.671,1,0.046999999998661224,BACKFILL_AUTO
2026-04-05 03:13:32,1775358812,CRASH600,24519.726,1,0.05500000000029104,BACKFILL_AUTO
2026-04-05 03:13:33,1775358813,CRASH600,24519.792,1,0.06600000000253203,BACKFILL_AUTO
2026-04-05 03:13:34,1775358814,CRASH600,24519.837,1,0.04499999999825377,BACKFILL_AUTO
2026-04-05 03:13:35,1775358815,CRASH600,24519.917,1,0.08000000000174623,BACKFILL_AUTO
2026-04-05 03:13:36,1775358816,CRASH600,24519.942,1,0.024999999997817213,BACKFILL_AUTO
2026-04-05 03:13:37,1775358817,CRASH600,24520.037,1,0.09500000000116415,BACKFILL_AUTO
2026-04-05 03:13:38,1775358818,CRASH600,24520.061,1,0.024000000001251465,BACKFILL_AUTO
2026-04-05 03:13:39,1775358819,CRASH600,24520.096,1,0.03499999999985448,BACKFILL_AUTO
2026-04-05 03:13:40,1775358820,CRASH600,24520.1,1,0.0039999999971769284,BACKFILL_AUTO
2026-04-05 03:13:41,1775358821,CRASH600,24520.152,1,0.05199999999967986,BACKFILL_AUTO
2026-04-05 03:13:42,1775358822,CRASH600,24520.158,1,0.006000000001222361,BACKFILL_AUTO
2026-04-05 03:13:43,1775358823,CRASH600,24520.254,1,0.09600000000136788,BACKFILL_AUTO
2026-04-05 03:13:44,1775358824,CRASH600,24520.308,1,0.05400000000008731,BACKFILL_AUTO
2026-04-05 03:13:45,1775358825,CRASH600,24520.325,1,0.016999999999825377,BACKFILL_AUTO
2026-04-05 03:13:46,1775358826,CRASH600,24520.329,1,0.004000000000814907,BACKFILL_AUTO
2026-04-05 03:13:47,1775358827,CRASH600,24520.364,1,0.03499999999985448,BACKFILL_AUTO
2026-04-05 03:13:48,1775358828,CRASH600,24520.379,1,0.014999999999417923,BACKFILL_AUTO
2026-04-05 03:13:49,1775358829,CRASH600,24520.398,1,0.01900000000023283,BACKFILL_AUTO
2026-04-05 03:13:50,1775358830,CRASH600,24520.426,1,0.027999999998428393,BACKFILL_AUTO
2026-04-05 03:13:51,1775358831,CRASH600,24520.498,1,0.07200000000011642,BACKFILL_AUTO
2026-04-05 03:13:52,1775358832,CRASH600,24520.515,1,0.016999999999825377,BACKFILL_AUTO
2026-04-05 03:13:53,1775358833,CRASH600,24520.571,1,0.056000000000494765,BACKFILL_AUTO
2026-04-05 03:13:54,1775358834,CRASH600,24520.587,1,0.01599999999962165,BACKFILL_AUTO
2026-04-05 03:13:55,1775358835,CRASH600,24520.592,1,0.005000000001018634,BACKFILL_AUTO
2026-04-05 03:13:56,1775358836,CRASH600,24520.6,1,0.007999999997991836,BACKFILL_AUTO
2026-04-05 03:13:57,1775358837,CRASH600,24520.611,1,0.011000000002240995,BACKFILL_AUTO
2026-04-05 03:13:58,1775358838,CRASH600,24520.628,1,0.016999999999825377,BACKFILL_AUTO
2026-04-05 03:13:59,1775358839,CRASH600,24520.628,0,0.0,BACKFILL_AUTO
2026-04-05 03:14:00,1775358840,CRASH600,24520.643,1,0.014999999999417923,BACKFILL_AUTO
2026-04-05 03:14:01,1775358841,CRASH600,24520.68,1,0.037000000000261934,BACKFILL_AUTO
2026-04-05 03:14:02,1775358842,CRASH600,24520.76,1,0.07999999999810825,BACKFILL_AUTO
2026-04-05 03:14:03,1775358843,CRASH600,24520.795,1,0.03499999999985448,BACKFILL_AUTO
2026-04-05 03:14:04,1775358844,CRASH600,24520.8,1,0.005000000001018634,BACKFILL_AUTO
2026-04-05 03:14:05,1775358845,CRASH600,24520.841,1,0.04100000000107684,BACKFILL_AUTO
2026-04-05 03:14:06,1775358846,CRASH600,24520.874,1,0.03299999999944703,BACKFILL_AUTO
2026-04-05 03:14:07,1775358847,CRASH600,24520.921,1,0.046999999998661224,BACKFILL_AUTO
2026-04-05 03:14:08,1775358848,CRASH600,24520.989,1,0.06800000000293949,BACKFILL_AUTO
2026-04-05 03:14:09,1775358849,CRASH600,24521.106,1,0.11699999999837019,BACKFILL_AUTO
2026-04-05 03:14:10,1775358850,CRASH600,24521.137,1,0.030999999999039574,BACKFILL_AUTO
2026-04-05 03:14:11,1775358851,CRASH600,24521.177,1,0.040000000000873115,BACKFILL_AUTO
2026-04-05 03:14:12,1775358852,CRASH600,24521.261,1,0.08399999999892316,BACKFILL_AUTO
2026-04-05 03:14:13,1775358853,CRASH600,24521.293,1,0.03200000000288128,BACKFILL_AUTO
2026-04-05 03:14:14,1775358854,CRASH600,24521.333,1,0.039999999997235136,BACKFILL_AUTO
2026-04-05 03:14:15,1775358855,CRASH600,24521.395,1,0.062000000001717126,BACKFILL_AUTO
2026-04-05 03:14:16,1775358856,CRASH600,24521.422,1,0.026999999998224666,BACKFILL_AUTO
2026-04-05 03:14:17,1775358857,CRASH600,24521.433,1,0.011000000002240995,BACKFILL_AUTO
2026-04-05 03:14:18,1775358858,CRASH600,24521.44,1,0.006999999997788109,BACKFILL_AUTO
2026-04-05 03:14:19,1775358859,CRASH600,24521.509,1,0.06899999999950523,BACKFILL_AUTO
2026-04-05 03:14:20,1775358860,CRASH600,24521.546,1,0.037000000000261934,BACKFILL_AUTO
2026-04-05 03:14:21,1775358861,CRASH600,24521.599,1,0.052999999999883585,BACKFILL_AUTO
2026-04-05 03:14:22,1775358862,CRASH600,24521.626,1,0.027000000001862645,BACKFILL_AUTO
2026-04-05 03:14:23,1775358863,CRASH600,24521.714,1,0.08799999999973807,BACKFILL_AUTO
2026-04-05 03:14:24,1775358864,CRASH600,24521.755,1,0.04100000000107684,BACKFILL_AUTO
2026-04-05 03:14:25,1775358865,CRASH600,24521.756,1,0.0010000000002037268,BACKFILL_AUTO
2026-04-05 03:14:26,1775358866,CRASH600,24521.812,1,0.056000000000494765,BACKFILL_AUTO
2026-04-05 03:14:27,1775358867,CRASH600,24521.827,1,0.014999999999417923,BACKFILL_AUTO
2026-04-05 03:14:28,1775358868,CRASH600,24521.876,1,0.04899999999906868,BACKFILL_AUTO
2026-04-05 03:14:29,1775358869,CRASH600,24521.927,1,0.05099999999947613,BACKFILL_AUTO
2026-04-05 03:14:30,1775358870,CRASH600,24521.947,1,0.020000000000436557,BACKFILL_AUTO
2026-04-05 03:14:31,1775358871,CRASH600,24521.998,1,0.05099999999947613,BACKFILL_AUTO
2026-04-05 03:14:32,1775358872,CRASH600,24522.041,1,0.043000000001484295,BACKFILL_AUTO
2026-04-05 03:14:33,1775358873,CRASH600,24522.061,1,0.020000000000436557,BACKFILL_AUTO
2026-04-05 03:14:34,1775358874,CRASH600,24522.085,1,0.023999999997613486,BACKFILL_AUTO
2026-04-05 03:14:35,1775358875,CRASH600,24522.089,1,0.004000000000814907,BACKFILL_AUTO
2026-04-05 03:14:36,1775358876,CRASH600,24522.105,1,0.01599999999962165,BACKFILL_AUTO
2026-04-05 03:14:37,1775358877,CRASH600,24522.178,1,0.07300000000032014,BACKFILL_AUTO
2026-04-05 03:14:38,1775358878,CRASH600,24522.253,1,0.0750000000007276,BACKFILL_AUTO
2026-04-05 03:14:39,1775358879,CRASH600,24522.31,1,0.05700000000069849,BACKFILL_AUTO
2026-04-05 03:14:40,1775358880,CRASH600,24522.331,1,0.020999999997002305,BACKFILL_AUTO
2026-04-05 03:14:41,1775358881,CRASH600,24522.336,1,0.005000000001018634,BACKFILL_AUTO
2026-04-05 03:14:42,1775358882,CRASH600,24522.347,1,0.011000000002240995,BACKFILL_AUTO
2026-04-05 03:14:43,1775358883,CRASH600,24522.41,1,0.06299999999828287,BACKFILL_AUTO
2026-04-05 03:14:44,1775358884,CRASH600,24522.429,1,0.01900000000023283,BACKFILL_AUTO
2026-04-05 03:14:45,1775358885,CRASH600,24522.479,1,0.049999999999272404,BACKFILL_AUTO
2026-04-05 03:14:46,1775358886,CRASH600,24522.52,1,0.04100000000107684,BACKFILL_AUTO
2026-04-05 03:14:47,1775358887,CRASH600,24522.537,1,0.016999999999825377,BACKFILL_AUTO
2026-04-05 03:14:48,1775358888,CRASH600,24522.547,1,0.00999999999839929,BACKFILL_AUTO
2026-04-05 03:14:49,1775358889,CRASH600,24522.55,1,0.0030000000006111804,BACKFILL_AUTO
2026-04-05 03:14:50,1775358890,CRASH600,24522.57,1,0.020000000000436557,BACKFILL_AUTO
2026-04-05 03:14:51,1775358891,CRASH600,24522.584,1,0.013999999999214197,BACKFILL_AUTO
2026-04-05 03:14:52,1775358892,CRASH600,24522.645,1,0.0610000000015134,BACKFILL_AUTO
2026-04-05 03:14:53,1775358893,CRASH600,24522.677,1,0.0319999999992433,BACKFILL_AUTO
2026-04-05 03:14:54,1775358894,CRASH600,24522.696,1,0.01900000000023283,BACKFILL_AUTO
2026-04-05 03:14:55,1775358895,CRASH600,24522.697,1,0.0010000000002037268,BACKFILL_AUTO
2026-04-05 03:14:56,1775358896,CRASH600,24522.723,1,0.02600000000165892,BACKFILL_AUTO
2026-04-05 03:14:57,1775358897,CRASH600,24522.819,1,0.0959999999977299,BACKFILL_AUTO
2026-04-05 03:14:58,1775358898,CRASH600,24522.849,1,0.029999999998835847,BACKFILL_AUTO
2026-04-05 03:14:59,1775358899,CRASH600,24522.944,1,0.09500000000116415,BACKFILL_AUTO
2026-04-05 03:15:00,1775358900,CRASH600,24522.999,1,0.05500000000029104,BACKFILL_AUTO
2026-04-05 03:15:01,1775358901,CRASH600,24523.003,1,0.004000000000814907,BACKFILL_AUTO
2026-04-05 03:15:02,1775358902,CRASH600,24523.017,1,0.013999999999214197,BACKFILL_AUTO
2026-04-05 03:15:03,1775358903,CRASH600,24523.049,1,0.0319999999992433,BACKFILL_AUTO
2026-04-05 03:15:04,1775358904,CRASH600,24523.139,1,0.09000000000014552,BACKFILL_AUTO
2026-04-05 03:15:05,1775358905,CRASH600,24523.184,1,0.04500000000189175,BACKFILL_AUTO
2026-04-05 03:15:06,1775358906,CRASH600,24523.211,1,0.026999999998224666,BACKFILL_AUTO
2026-04-05 03:15:07,1775358907,CRASH600,24523.262,1,0.05099999999947613,BACKFILL_AUTO
2026-04-05 03:15:08,1775358908,CRASH600,24523.291,1,0.0290000000022701,BACKFILL_AUTO
2026-04-05 03:15:09,1775358909,CRASH600,24523.321,1,0.029999999998835847,BACKFILL_AUTO
2026-04-05 03:15:10,1775358910,CRASH600,24523.383,1,0.062000000001717126,BACKFILL_AUTO
2026-04-05 03:15:11,1775358911,CRASH600,24523.425,1,0.04199999999764259,BACKFILL_AUTO
2026-04-05 03:15:12,1775358912,CRASH600,24523.455,1,0.030000000002473826,BACKFILL_AUTO
2026-04-05 03:15:13,1775358913,CRASH600,24523.529,1,0.07399999999688589,BACKFILL_AUTO
2026-04-05 03:15:14,1775358914,CRASH600,24523.584,1,0.05500000000029104,BACKFILL_AUTO
2026-04-05 03:15:15,1775358915,CRASH600,24523.636,1,0.05199999999967986,BACKFILL_AUTO
2026-04-05 03:15:16,1775358916,CRASH600,24523.69,1,0.05400000000008731,BACKFILL_AUTO
2026-04-05 03:15:17,1775358917,CRASH600,24523.693,1,0.0030000000006111804,BACKFILL_AUTO
2026-04-05 03:15:18,1775358918,CRASH600,24523.773,1,0.08000000000174623,BACKFILL_AUTO
2026-04-05 03:15:19,1775358919,CRASH600,24523.774,1,0.0010000000002037268,BACKFILL_AUTO
2026-04-05 03:15:20,1775358920,CRASH600,24523.848,1,0.07400000000052387,BACKFILL_AUTO
2026-04-05 03:15:21,1775358921,CRASH600,24523.917,1,0.06899999999950523,BACKFILL_AUTO
2026-04-05 03:15:22,1775358922,CRASH600,24524.06,1,0.1430000000000291,BACKFILL_AUTO
2026-04-05 03:15:23,1775358923,CRASH600,24524.09,1,0.029999999998835847,BACKFILL_AUTO
2026-04-05 03:15:24,1775358924,CRASH600,24524.143,1,0.052999999999883585,BACKFILL_AUTO
2026-04-05 03:15:25,1775358925,CRASH600,24524.172,1,0.02899999999863212,BACKFILL_AUTO
2026-04-05 03:15:26,1775358926,CRASH600,24524.268,1,0.09600000000136788,BACKFILL_AUTO
2026-04-05 03:15:27,1775358927,CRASH600,24524.284,1,0.01599999999962165,BACKFILL_AUTO
2026-04-05 03:15:28,1775358928,CRASH600,24524.322,1,0.03800000000046566,BACKFILL_AUTO
2026-04-05 03:15:29,1775358929,CRASH600,24524.384,1,0.06199999999807915,BACKFILL_AUTO
2026-04-05 03:15:30,1775358930,CRASH600,24524.438,1,0.05400000000008731,BACKFILL_AUTO
2026-04-05 03:15:31,1775358931,CRASH600,24524.506,1,0.06800000000293949,BACKFILL_AUTO
2026-04-05 03:15:32,1775358932,CRASH600,24524.573,1,0.06699999999909778,BACKFILL_AUTO
2026-04-05 03:15:33,1775358933,CRASH600,24524.606,1,0.03299999999944703,BACKFILL_AUTO
2026-04-05 03:15:34,1775358934,CRASH600,24524.637,1,0.030999999999039574,BACKFILL_AUTO
2026-04-05 03:15:35,1775358935,CRASH600,24524.662,1,0.02500000000145519,BACKFILL_AUTO
2026-04-05 03:15:36,1775358936,CRASH600,24524.715,1,0.052999999999883585,BACKFILL_AUTO
2026-04-05 03:15:37,1775358937,CRASH600,24524.723,1,0.008000000001629815,BACKFILL_AUTO
2026-04-05 03:15:38,1775358938,CRASH600,24524.745,1,0.021999999997206032,BACKFILL_AUTO
2026-04-05 03:15:39,1775358939,CRASH600,24524.758,1,0.013000000002648449,BACKFILL_AUTO
2026-04-05 03:15:40,1775358940,CRASH600,24524.847,1,0.08899999999994179,BACKFILL_AUTO
2026-04-05 03:15:41,1775358941,CRASH600,24524.877,1,0.029999999998835847,BACKFILL_AUTO
2026-04-05 03:15:42,1775358942,CRASH600,24524.937,1,0.06000000000130967,BACKFILL_AUTO
2026-04-05 03:15:43,1775358943,CRASH600,24524.986,1,0.04899999999906868,BACKFILL_AUTO
2026-04-05 03:15:44,1775358944,CRASH600,24525.011,1,0.024999999997817213,BACKFILL_AUTO
2026-04-05 03:15:45,1775358945,CRASH600,24525.038,1,0.027000000001862645,BACKFILL_AUTO
2026-04-05 03:15:46,1775358946,CRASH600,24525.06,1,0.02200000000084401,BACKFILL_AUTO
2026-04-05 03:15:47,1775358947,CRASH600,24525.109,1,0.04899999999906868,BACKFILL_AUTO
2026-04-05 03:15:48,1775358948,CRASH600,24525.128,1,0.01900000000023283,BACKFILL_AUTO
2026-04-05 03:15:49,1775358949,CRASH600,24525.153,1,0.024999999997817213,BACKFILL_AUTO
2026-04-05 03:15:50,1775358950,CRASH600,24525.22,1,0.06700000000273576,BACKFILL_AUTO
2026-04-05 03:15:51,1775358951,CRASH600,24525.227,1,0.006999999997788109,BACKFILL_AUTO
2026-04-05 03:15:52,1775358952,CRASH600,24525.256,1,0.0290000000022701,BACKFILL_AUTO
2026-04-05 03:15:53,1775358953,CRASH600,24525.324,1,0.06799999999930151,BACKFILL_AUTO
2026-04-05 03:15:54,1775358954,CRASH600,24525.406,1,0.0819999999985157,BACKFILL_AUTO
2026-04-05 03:15:55,1775358955,CRASH600,24525.449,1,0.043000000001484295,BACKFILL_AUTO
2026-04-05 03:15:56,1775358956,CRASH600,24525.539,1,0.09000000000014552,BACKFILL_AUTO
2026-04-05 03:15:57,1775358957,CRASH600,24525.553,1,0.013999999999214197,BACKFILL_AUTO
2026-04-05 03:15:58,1775358958,CRASH600,24525.556,1,0.0030000000006111804,BACKFILL_AUTO
2026-04-05 03:15:59,1775358959,CRASH600,24525.589,1,0.03299999999944703,BACKFILL_AUTO
2026-04-05 03:16:00,1775358960,CRASH600,24525.593,1,0.004000000000814907,BACKFILL_AUTO
2026-04-05 03:16:01,1775358961,CRASH600,24525.596,1,0.0030000000006111804,BACKFILL_AUTO
2026-04-05 03:16:02,1775358962,CRASH600,24525.625,1,0.02899999999863212,BACKFILL_AUTO
2026-04-05 03:16:03,1775358963,CRASH600,24525.69,1,0.06499999999869033,BACKFILL_AUTO
2026-04-05 03:16:04,1775358964,CRASH600,24525.711,1,0.021000000000640284,BACKFILL_AUTO
2026-04-05 03:16:05,1775358965,CRASH600,24525.754,1,0.043000000001484295,BACKFILL_AUTO
2026-04-05 03:16:06,1775358966,CRASH600,24525.81,1,0.056000000000494765,BACKFILL_AUTO
2026-04-05 03:16:07,1775358967,CRASH600,24525.873,1,0.06299999999828287,BACKFILL_AUTO
2026-04-05 03:16:08,1775358968,CRASH600,24525.899,1,0.02600000000165892,BACKFILL_AUTO
2026-04-05 03:16:09,1775358969,CRASH600,24525.96,1,0.06099999999787542,BACKFILL_AUTO
2026-04-05 03:16:10,1775358970,CRASH600,24525.988,1,0.028000000002066372,BACKFILL_AUTO
2026-04-05 03:16:11,1775358971,CRASH600,24526.011,1,0.02299999999740976,BACKFILL_AUTO
2026-04-05 03:16:12,1775358972,CRASH600,24526.051,1,0.040000000000873115,BACKFILL_AUTO
2026-04-05 03:16:13,1775358973,CRASH600,24526.079,1,0.028000000002066372,BACKFILL_AUTO
2026-04-05 03:16:14,1775358974,CRASH600,24526.192,1,0.11299999999755528,BACKFILL_AUTO
2026-04-05 03:16:15,1775358975,CRASH600,24526.216,1,0.024000000001251465,BACKFILL_AUTO
2026-04-05 03:16:16,1775358976,CRASH600,24526.267,1,0.05099999999947613,BACKFILL_AUTO
