timestamp,unix_time,instrument,price,direction,tick_size,session_id
2026-04-05 08:29:57,1775377797,CRASH500,3440.78,0,,BACKFILL_AUTO
2026-04-05 08:29:58,1775377798,CRASH500,3440.787,1,0.006999999999607098,BACKFILL_AUTO
2026-04-05 08:29:59,1775377799,CRASH500,3440.796,1,0.009000000000014552,BACKFILL_AUTO
2026-04-05 08:30:00,1775377800,CRASH500,3440.805,1,0.009000000000014552,BACKFILL_AUTO
2026-04-05 08:30:01,1775377801,CRASH500,3440.808,1,0.003000000000156433,BACKFILL_AUTO
2026-04-05 08:30:02,1775377802,CRASH500,3440.812,1,0.0039999999999054126,BACKFILL_AUTO
2026-04-05 08:30:03,1775377803,CRASH500,3440.821,1,0.009000000000014552,BACKFILL_AUTO
2026-04-05 08:30:04,1775377804,CRASH500,3440.834,1,0.012999999999919964,BACKFILL_AUTO
2026-04-05 08:30:05,1775377805,CRASH500,3440.839,1,0.005000000000109139,BACKFILL_AUTO
2026-04-05 08:30:06,1775377806,CRASH500,3440.85,1,0.010999999999967258,BACKFILL_AUTO
2026-04-05 08:30:07,1775377807,CRASH500,3440.859,1,0.009000000000014552,BACKFILL_AUTO
2026-04-05 08:30:08,1775377808,CRASH500,3440.869,1,0.010000000000218279,BACKFILL_AUTO
2026-04-05 08:30:09,1775377809,CRASH500,3440.874,1,0.004999999999654392,BACKFILL_AUTO
2026-04-05 08:30:10,1775377810,CRASH500,3440.877,1,0.003000000000156433,BACKFILL_AUTO
2026-04-05 08:30:11,1775377811,CRASH500,3440.891,1,0.014000000000123691,BACKFILL_AUTO
2026-04-05 08:30:12,1775377812,CRASH500,3440.898,1,0.007000000000061846,BACKFILL_AUTO
2026-04-05 08:30:13,1775377813,CRASH500,3440.899,1,0.0009999999997489795,BACKFILL_AUTO
2026-04-05 08:30:14,1775377814,CRASH500,3440.903,1,0.0039999999999054126,BACKFILL_AUTO
2026-04-05 08:30:15,1775377815,CRASH500,3440.913,1,0.010000000000218279,BACKFILL_AUTO
2026-04-05 08:30:16,1775377816,CRASH500,3440.93,1,0.016999999999825377,BACKFILL_AUTO
2026-04-05 08:30:17,1775377817,CRASH500,3440.932,1,0.0019999999999527063,BACKFILL_AUTO
2026-04-05 08:30:18,1775377818,CRASH500,3440.933,1,0.0010000000002037268,BACKFILL_AUTO
2026-04-05 08:30:19,1775377819,CRASH500,3440.943,1,0.010000000000218279,BACKFILL_AUTO
2026-04-05 08:30:20,1775377820,CRASH500,3440.945,1,0.0019999999999527063,BACKFILL_AUTO
2026-04-05 08:30:21,1775377821,CRASH500,3440.947,1,0.0019999999999527063,BACKFILL_AUTO
2026-04-05 08:30:22,1775377822,CRASH500,3440.966,1,0.018999999999778083,BACKFILL_AUTO
2026-04-05 08:30:23,1775377823,CRASH500,3440.975,1,0.009000000000014552,BACKFILL_AUTO
2026-04-05 08:30:24,1775377824,CRASH500,3440.983,1,0.008000000000265572,BACKFILL_AUTO
2026-04-05 08:30:25,1775377825,CRASH500,3440.984,1,0.0009999999997489795,BACKFILL_AUTO
2026-04-05 08:30:26,1775377826,CRASH500,3440.996,1,0.012000000000170985,BACKFILL_AUTO
2026-04-05 08:30:27,1775377827,CRASH500,3440.997,1,0.0009999999997489795,BACKFILL_AUTO
2026-04-05 08:30:28,1775377828,CRASH500,3441.011,1,0.014000000000123691,BACKFILL_AUTO
2026-04-05 08:30:29,1775377829,CRASH500,3441.017,1,0.005999999999858119,BACKFILL_AUTO
2026-04-05 08:30:30,1775377830,CRASH500,3441.019,1,0.0019999999999527063,BACKFILL_AUTO
2026-04-05 08:30:31,1775377831,CRASH500,3441.022,1,0.003000000000156433,BACKFILL_AUTO
2026-04-05 08:30:32,1775377832,CRASH500,3441.038,1,0.016000000000076398,BACKFILL_AUTO
2026-04-05 08:30:33,1775377833,CRASH500,3441.042,1,0.0039999999999054126,BACKFILL_AUTO
2026-04-05 08:30:34,1775377834,CRASH500,3441.051,1,0.009000000000014552,BACKFILL_AUTO
2026-04-05 08:30:35,1775377835,CRASH500,3441.051,0,0.0,BACKFILL_AUTO
2026-04-05 08:30:36,1775377836,CRASH500,3441.053,1,0.0019999999999527063,BACKFILL_AUTO
2026-04-05 08:30:37,1775377837,CRASH500,3441.068,1,0.015000000000327418,BACKFILL_AUTO
2026-04-05 08:30:38,1775377838,CRASH500,3441.078,1,0.009999999999763531,BACKFILL_AUTO
2026-04-05 08:30:39,1775377839,CRASH500,3441.089,1,0.010999999999967258,BACKFILL_AUTO
2026-04-05 08:30:40,1775377840,CRASH500,3441.094,1,0.005000000000109139,BACKFILL_AUTO
2026-04-05 08:30:41,1775377841,CRASH500,3441.1,1,0.005999999999858119,BACKFILL_AUTO
2026-04-05 08:30:42,1775377842,CRASH500,3441.103,1,0.003000000000156433,BACKFILL_AUTO
2026-04-05 08:30:43,1775377843,CRASH500,3441.105,1,0.0019999999999527063,BACKFILL_AUTO
2026-04-05 08:30:44,1775377844,CRASH500,3441.113,1,0.007999999999810825,BACKFILL_AUTO
2026-04-05 08:30:45,1775377845,CRASH500,3441.116,1,0.003000000000156433,BACKFILL_AUTO
2026-04-05 08:30:46,1775377846,CRASH500,3441.122,1,0.005999999999858119,BACKFILL_AUTO
2026-04-05 08:30:47,1775377847,CRASH500,3441.136,1,0.014000000000123691,BACKFILL_AUTO
2026-04-05 08:30:48,1775377848,CRASH500,3441.147,1,0.010999999999967258,BACKFILL_AUTO
2026-04-05 08:30:49,1775377849,CRASH500,3441.148,1,0.0010000000002037268,BACKFILL_AUTO
2026-04-05 08:30:50,1775377850,CRASH500,3441.16,1,0.011999999999716238,BACKFILL_AUTO
2026-04-05 08:30:51,1775377851,CRASH500,3441.168,1,0.008000000000265572,BACKFILL_AUTO
2026-04-05 08:30:52,1775377852,CRASH500,3441.184,1,0.016000000000076398,BACKFILL_AUTO
2026-04-05 08:30:53,1775377853,CRASH500,3441.196,1,0.011999999999716238,BACKFILL_AUTO
2026-04-05 08:30:54,1775377854,CRASH500,3441.198,1,0.0019999999999527063,BACKFILL_AUTO
2026-04-05 08:30:55,1775377855,CRASH500,3441.205,1,0.007000000000061846,BACKFILL_AUTO
2026-04-05 08:30:56,1775377856,CRASH500,3441.212,1,0.007000000000061846,BACKFILL_AUTO
2026-04-05 08:30:57,1775377857,CRASH500,3441.218,1,0.005999999999858119,BACKFILL_AUTO
2026-04-05 08:30:58,1775377858,CRASH500,3441.231,1,0.013000000000374712,BACKFILL_AUTO
2026-04-05 08:30:59,1775377859,CRASH500,3441.236,1,0.004999999999654392,BACKFILL_AUTO
2026-04-05 08:31:00,1775377860,CRASH500,3441.254,1,0.018000000000029104,BACKFILL_AUTO
2026-04-05 08:31:01,1775377861,CRASH500,3441.258,1,0.0039999999999054126,BACKFILL_AUTO
2026-04-05 08:31:02,1775377862,CRASH500,3441.266,1,0.008000000000265572,BACKFILL_AUTO
2026-04-05 08:31:03,1775377863,CRASH500,3441.266,0,0.0,BACKFILL_AUTO
2026-04-05 08:31:04,1775377864,CRASH500,3441.276,1,0.009999999999763531,BACKFILL_AUTO
2026-04-05 08:31:05,1775377865,CRASH500,3441.282,1,0.006000000000312866,BACKFILL_AUTO
2026-04-05 08:31:06,1775377866,CRASH500,3441.287,1,0.004999999999654392,BACKFILL_AUTO
2026-04-05 08:31:07,1775377867,CRASH500,3441.29,1,0.003000000000156433,BACKFILL_AUTO
2026-04-05 08:31:08,1775377868,CRASH500,3441.292,1,0.0019999999999527063,BACKFILL_AUTO
2026-04-05 08:31:09,1775377869,CRASH500,3441.303,1,0.010999999999967258,BACKFILL_AUTO
2026-04-05 08:31:10,1775377870,CRASH500,3441.304,1,0.0010000000002037268,BACKFILL_AUTO
2026-04-05 08:31:11,1775377871,CRASH500,3441.315,1,0.010999999999967258,BACKFILL_AUTO
2026-04-05 08:31:12,1775377872,CRASH500,3441.324,1,0.009000000000014552,BACKFILL_AUTO
2026-04-05 08:31:13,1775377873,CRASH500,3441.33,1,0.005999999999858119,BACKFILL_AUTO
2026-04-05 08:31:14,1775377874,CRASH500,3441.33,0,0.0,BACKFILL_AUTO
2026-04-05 08:31:15,1775377875,CRASH500,3441.331,1,0.0010000000002037268,BACKFILL_AUTO
2026-04-05 08:31:16,1775377876,CRASH500,3441.337,1,0.005999999999858119,BACKFILL_AUTO
2026-04-05 08:31:17,1775377877,CRASH500,3441.347,1,0.010000000000218279,BACKFILL_AUTO
2026-04-05 08:31:18,1775377878,CRASH500,3441.362,1,0.01499999999987267,BACKFILL_AUTO
2026-04-05 08:31:19,1775377879,CRASH500,3441.368,1,0.005999999999858119,BACKFILL_AUTO
2026-04-05 08:31:20,1775377880,CRASH500,3441.38,1,0.012000000000170985,BACKFILL_AUTO
2026-04-05 08:31:21,1775377881,CRASH500,3441.392,1,0.011999999999716238,BACKFILL_AUTO
2026-04-05 08:31:22,1775377882,CRASH500,3441.402,1,0.010000000000218279,BACKFILL_AUTO
2026-04-05 08:31:23,1775377883,CRASH500,3441.416,1,0.014000000000123691,BACKFILL_AUTO
2026-04-05 08:31:24,1775377884,CRASH500,3441.419,1,0.0029999999997016857,BACKFILL_AUTO
2026-04-05 08:31:25,1775377885,CRASH500,3441.426,1,0.007000000000061846,BACKFILL_AUTO
2026-04-05 08:31:26,1775377886,CRASH500,3441.431,1,0.005000000000109139,BACKFILL_AUTO
2026-04-05 08:31:27,1775377887,CRASH500,3441.439,1,0.007999999999810825,BACKFILL_AUTO
2026-04-05 08:31:28,1775377888,CRASH500,3441.449,1,0.010000000000218279,BACKFILL_AUTO
2026-04-05 08:31:29,1775377889,CRASH500,3441.458,1,0.009000000000014552,BACKFILL_AUTO
2026-04-05 08:31:30,1775377890,CRASH500,3441.468,1,0.009999999999763531,BACKFILL_AUTO
2026-04-05 08:31:31,1775377891,CRASH500,3441.468,0,0.0,BACKFILL_AUTO
2026-04-05 08:31:32,1775377892,CRASH500,3441.472,1,0.00400000000036016,BACKFILL_AUTO
2026-04-05 08:31:33,1775377893,CRASH500,3441.483,1,0.010999999999967258,BACKFILL_AUTO
2026-04-05 08:31:34,1775377894,CRASH500,3441.488,1,0.004999999999654392,BACKFILL_AUTO
2026-04-05 08:31:35,1775377895,CRASH500,3441.494,1,0.006000000000312866,BACKFILL_AUTO
2026-04-05 08:31:36,1775377896,CRASH500,3441.495,1,0.0009999999997489795,BACKFILL_AUTO
2026-04-05 08:31:37,1775377897,CRASH500,3441.503,1,0.008000000000265572,BACKFILL_AUTO
2026-04-05 08:31:38,1775377898,CRASH500,3441.506,1,0.0029999999997016857,BACKFILL_AUTO
2026-04-05 08:31:39,1775377899,CRASH500,3441.509,1,0.003000000000156433,BACKFILL_AUTO
2026-04-05 08:31:40,1775377900,CRASH500,3441.513,1,0.0039999999999054126,BACKFILL_AUTO
2026-04-05 08:31:41,1775377901,CRASH500,3441.518,1,0.005000000000109139,BACKFILL_AUTO
2026-04-05 08:31:42,1775377902,CRASH500,3441.527,1,0.009000000000014552,BACKFILL_AUTO
2026-04-05 08:31:43,1775377903,CRASH500,3441.539,1,0.012000000000170985,BACKFILL_AUTO
2026-04-05 08:31:44,1775377904,CRASH500,3441.541,1,0.0019999999999527063,BACKFILL_AUTO
2026-04-05 08:31:45,1775377905,CRASH500,3441.55,1,0.009000000000014552,BACKFILL_AUTO
2026-04-05 08:31:46,1775377906,CRASH500,3441.555,1,0.004999999999654392,BACKFILL_AUTO
2026-04-05 08:31:47,1775377907,CRASH500,3441.561,1,0.006000000000312866,BACKFILL_AUTO
2026-04-05 08:31:48,1775377908,CRASH500,3441.567,1,0.005999999999858119,BACKFILL_AUTO
2026-04-05 08:31:49,1775377909,CRASH500,3441.578,1,0.010999999999967258,BACKFILL_AUTO
2026-04-05 08:31:50,1775377910,CRASH500,3441.585,1,0.007000000000061846,BACKFILL_AUTO
2026-04-05 08:31:51,1775377911,CRASH500,3441.594,1,0.009000000000014552,BACKFILL_AUTO
2026-04-05 08:31:52,1775377912,CRASH500,3441.6,1,0.005999999999858119,BACKFILL_AUTO
2026-04-05 08:31:53,1775377913,CRASH500,3441.605,1,0.005000000000109139,BACKFILL_AUTO
2026-04-05 08:31:54,1775377914,CRASH500,3441.607,1,0.0019999999999527063,BACKFILL_AUTO
2026-04-05 08:31:55,1775377915,CRASH500,3441.616,1,0.009000000000014552,BACKFILL_AUTO
2026-04-05 08:31:56,1775377916,CRASH500,3441.616,0,0.0,BACKFILL_AUTO
2026-04-05 08:31:57,1775377917,CRASH500,3441.629,1,0.012999999999919964,BACKFILL_AUTO
2026-04-05 08:31:58,1775377918,CRASH500,3441.63,1,0.0010000000002037268,BACKFILL_AUTO
2026-04-05 08:31:59,1775377919,CRASH500,3441.631,1,0.0009999999997489795,BACKFILL_AUTO
2026-04-05 08:32:00,1775377920,CRASH500,3441.641,1,0.010000000000218279,BACKFILL_AUTO
2026-04-05 08:32:01,1775377921,CRASH500,3441.646,1,0.005000000000109139,BACKFILL_AUTO
2026-04-05 08:32:02,1775377922,CRASH500,3441.657,1,0.010999999999967258,BACKFILL_AUTO
2026-04-05 08:32:03,1775377923,CRASH500,3441.674,1,0.016999999999825377,BACKFILL_AUTO
2026-04-05 08:32:04,1775377924,CRASH500,3441.685,1,0.010999999999967258,BACKFILL_AUTO
2026-04-05 08:32:05,1775377925,CRASH500,3441.688,1,0.003000000000156433,BACKFILL_AUTO
2026-04-05 08:32:06,1775377926,CRASH500,3441.692,1,0.0039999999999054126,BACKFILL_AUTO
2026-04-05 08:32:07,1775377927,CRASH500,3441.692,0,0.0,BACKFILL_AUTO
2026-04-05 08:32:08,1775377928,CRASH500,3441.712,1,0.01999999999998181,BACKFILL_AUTO
2026-04-05 08:32:09,1775377929,CRASH500,3441.727,1,0.01499999999987267,BACKFILL_AUTO
2026-04-05 08:32:10,1775377930,CRASH500,3441.727,0,0.0,BACKFILL_AUTO
2026-04-05 08:32:11,1775377931,CRASH500,3441.747,1,0.01999999999998181,BACKFILL_AUTO
2026-04-05 08:32:12,1775377932,CRASH500,3441.752,1,0.005000000000109139,BACKFILL_AUTO
2026-04-05 08:32:13,1775377933,CRASH500,3441.754,1,0.0019999999999527063,BACKFILL_AUTO
2026-04-05 08:32:14,1775377934,CRASH500,3441.766,1,0.012000000000170985,BACKFILL_AUTO
2026-04-05 08:32:15,1775377935,CRASH500,3441.769,1,0.0029999999997016857,BACKFILL_AUTO
2026-04-05 08:32:16,1775377936,CRASH500,3441.773,1,0.00400000000036016,BACKFILL_AUTO
2026-04-05 08:32:17,1775377937,CRASH500,3441.778,1,0.004999999999654392,BACKFILL_AUTO
2026-04-05 08:32:18,1775377938,CRASH500,3441.781,1,0.003000000000156433,BACKFILL_AUTO
2026-04-05 08:32:19,1775377939,CRASH500,3441.784,1,0.003000000000156433,BACKFILL_AUTO
2026-04-05 08:32:20,1775377940,CRASH500,3441.798,1,0.013999999999668944,BACKFILL_AUTO
2026-04-05 08:32:21,1775377941,CRASH500,3441.811,1,0.013000000000374712,BACKFILL_AUTO
2026-04-05 08:32:22,1775377942,CRASH500,3441.814,1,0.0029999999997016857,BACKFILL_AUTO
2026-04-05 08:32:23,1775377943,CRASH500,3441.829,1,0.015000000000327418,BACKFILL_AUTO
2026-04-05 08:32:24,1775377944,CRASH500,3441.834,1,0.004999999999654392,BACKFILL_AUTO
2026-04-05 08:32:25,1775377945,CRASH500,3441.836,1,0.0019999999999527063,BACKFILL_AUTO
2026-04-05 08:32:26,1775377946,CRASH500,3441.841,1,0.005000000000109139,BACKFILL_AUTO
2026-04-05 08:32:27,1775377947,CRASH500,3441.852,1,0.010999999999967258,BACKFILL_AUTO
2026-04-05 08:32:28,1775377948,CRASH500,3441.855,1,0.003000000000156433,BACKFILL_AUTO
2026-04-05 08:32:29,1775377949,CRASH500,3441.859,1,0.0039999999999054126,BACKFILL_AUTO
2026-04-05 08:32:30,1775377950,CRASH500,3441.862,1,0.003000000000156433,BACKFILL_AUTO
2026-04-05 08:32:31,1775377951,CRASH500,3441.871,1,0.009000000000014552,BACKFILL_AUTO
2026-04-05 08:32:32,1775377952,CRASH500,3441.876,1,0.005000000000109139,BACKFILL_AUTO
2026-04-05 08:32:33,1775377953,CRASH500,3441.878,1,0.0019999999999527063,BACKFILL_AUTO
2026-04-05 08:32:34,1775377954,CRASH500,3441.891,1,0.012999999999919964,BACKFILL_AUTO
2026-04-05 08:32:35,1775377955,CRASH500,3441.894,1,0.0029999999997016857,BACKFILL_AUTO
2026-04-05 08:32:36,1775377956,CRASH500,3441.904,1,0.010000000000218279,BACKFILL_AUTO
2026-04-05 08:32:37,1775377957,CRASH500,3441.91,1,0.005999999999858119,BACKFILL_AUTO
2026-04-05 08:32:38,1775377958,CRASH500,3441.913,1,0.003000000000156433,BACKFILL_AUTO
2026-04-05 08:32:39,1775377959,CRASH500,3441.917,1,0.0039999999999054126,BACKFILL_AUTO
2026-04-05 08:32:40,1775377960,CRASH500,3441.922,1,0.005000000000109139,BACKFILL_AUTO
2026-04-05 08:32:41,1775377961,CRASH500,3441.927,1,0.005000000000109139,BACKFILL_AUTO
2026-04-05 08:32:42,1775377962,CRASH500,3441.938,1,0.010999999999967258,BACKFILL_AUTO
2026-04-05 08:32:43,1775377963,CRASH500,3441.945,1,0.007000000000061846,BACKFILL_AUTO
2026-04-05 08:32:44,1775377964,CRASH500,3441.955,1,0.009999999999763531,BACKFILL_AUTO
2026-04-05 08:32:45,1775377965,CRASH500,3441.964,1,0.009000000000014552,BACKFILL_AUTO
2026-04-05 08:32:46,1775377966,CRASH500,3441.968,1,0.0039999999999054126,BACKFILL_AUTO
2026-04-05 08:32:47,1775377967,CRASH500,3441.976,1,0.008000000000265572,BACKFILL_AUTO
2026-04-05 08:32:48,1775377968,CRASH500,3441.983,1,0.007000000000061846,BACKFILL_AUTO
2026-04-05 08:32:49,1775377969,CRASH500,3441.997,1,0.013999999999668944,BACKFILL_AUTO
2026-04-05 08:32:50,1775377970,CRASH500,3442.016,1,0.01900000000023283,BACKFILL_AUTO
2026-04-05 08:32:51,1775377971,CRASH500,3442.029,1,0.012999999999919964,BACKFILL_AUTO
2026-04-05 08:32:52,1775377972,CRASH500,3442.038,1,0.009000000000014552,BACKFILL_AUTO
2026-04-05 08:32:53,1775377973,CRASH500,3442.041,1,0.003000000000156433,BACKFILL_AUTO
2026-04-05 08:32:54,1775377974,CRASH500,3442.043,1,0.0019999999999527063,BACKFILL_AUTO
2026-04-05 08:32:55,1775377975,CRASH500,3442.047,1,0.0039999999999054126,BACKFILL_AUTO
2026-04-05 08:32:56,1775377976,CRASH500,3442.054,1,0.007000000000061846,BACKFILL_AUTO
2026-04-05 08:32:57,1775377977,CRASH500,3442.055,1,0.0009999999997489795,BACKFILL_AUTO
2026-04-05 08:32:58,1775377978,CRASH500,3442.064,1,0.009000000000014552,BACKFILL_AUTO
2026-04-05 08:32:59,1775377979,CRASH500,3442.07,1,0.006000000000312866,BACKFILL_AUTO
2026-04-05 08:33:00,1775377980,CRASH500,3442.077,1,0.007000000000061846,BACKFILL_AUTO
2026-04-05 08:33:01,1775377981,CRASH500,3442.084,1,0.006999999999607098,BACKFILL_AUTO
2026-04-05 08:33:02,1775377982,CRASH500,3442.089,1,0.005000000000109139,BACKFILL_AUTO
2026-04-05 08:33:03,1775377983,CRASH500,3442.101,1,0.012000000000170985,BACKFILL_AUTO
2026-04-05 08:33:04,1775377984,CRASH500,3442.105,1,0.0039999999999054126,BACKFILL_AUTO
2026-04-05 08:33:05,1775377985,CRASH500,3442.12,1,0.01499999999987267,BACKFILL_AUTO
2026-04-05 08:33:06,1775377986,CRASH500,3442.125,1,0.005000000000109139,BACKFILL_AUTO
2026-04-05 08:33:07,1775377987,CRASH500,3442.129,1,0.0039999999999054126,BACKFILL_AUTO
2026-04-05 08:33:08,1775377988,CRASH500,3442.145,1,0.016000000000076398,BACKFILL_AUTO
2026-04-05 08:33:09,1775377989,CRASH500,3442.164,1,0.01900000000023283,BACKFILL_AUTO
2026-04-05 08:33:10,1775377990,CRASH500,3442.168,1,0.0039999999999054126,BACKFILL_AUTO
2026-04-05 08:33:11,1775377991,CRASH500,3442.181,1,0.012999999999919964,BACKFILL_AUTO
2026-04-05 08:33:12,1775377992,CRASH500,3442.199,1,0.018000000000029104,BACKFILL_AUTO
2026-04-05 08:33:13,1775377993,CRASH500,3442.2,1,0.0009999999997489795,BACKFILL_AUTO
2026-04-05 08:33:14,1775377994,CRASH500,3442.212,1,0.012000000000170985,BACKFILL_AUTO
2026-04-05 08:33:15,1775377995,CRASH500,3442.224,1,0.012000000000170985,BACKFILL_AUTO
2026-04-05 08:33:16,1775377996,CRASH500,3442.23,1,0.005999999999858119,BACKFILL_AUTO
2026-04-05 08:33:17,1775377997,CRASH500,3442.24,1,0.009999999999763531,BACKFILL_AUTO
2026-04-05 08:33:18,1775377998,CRASH500,3442.245,1,0.005000000000109139,BACKFILL_AUTO
2026-04-05 08:33:19,1775377999,CRASH500,3442.246,1,0.0010000000002037268,BACKFILL_AUTO
2026-04-05 08:33:20,1775378000,CRASH500,3442.249,1,0.0029999999997016857,BACKFILL_AUTO
2026-04-05 08:33:21,1775378001,CRASH500,3442.255,1,0.006000000000312866,BACKFILL_AUTO
2026-04-05 08:33:22,1775378002,CRASH500,3442.262,1,0.007000000000061846,BACKFILL_AUTO
2026-04-05 08:33:23,1775378003,CRASH500,3442.273,1,0.010999999999967258,BACKFILL_AUTO
2026-04-05 08:33:24,1775378004,CRASH500,3442.276,1,0.0029999999997016857,BACKFILL_AUTO
2026-04-05 08:33:25,1775378005,CRASH500,3442.283,1,0.007000000000061846,BACKFILL_AUTO
2026-04-05 08:33:26,1775378006,CRASH500,3442.301,1,0.018000000000029104,BACKFILL_AUTO
2026-04-05 08:33:27,1775378007,CRASH500,3442.302,1,0.0010000000002037268,BACKFILL_AUTO
2026-04-05 08:33:28,1775378008,CRASH500,3442.303,1,0.0009999999997489795,BACKFILL_AUTO
2026-04-05 08:33:29,1775378009,CRASH500,3442.309,1,0.006000000000312866,BACKFILL_AUTO
2026-04-05 08:33:30,1775378010,CRASH500,3442.314,1,0.004999999999654392,BACKFILL_AUTO
2026-04-05 08:33:31,1775378011,CRASH500,3442.321,1,0.007000000000061846,BACKFILL_AUTO
2026-04-05 08:33:32,1775378012,CRASH500,3442.332,1,0.010999999999967258,BACKFILL_AUTO
2026-04-05 08:33:33,1775378013,CRASH500,3442.341,1,0.009000000000014552,BACKFILL_AUTO
2026-04-05 08:33:34,1775378014,CRASH500,3442.348,1,0.007000000000061846,BACKFILL_AUTO
2026-04-05 08:33:35,1775378015,CRASH500,3442.356,1,0.008000000000265572,BACKFILL_AUTO
2026-04-05 08:33:36,1775378016,CRASH500,3442.363,1,0.006999999999607098,BACKFILL_AUTO
2026-04-05 08:33:37,1775378017,CRASH500,3442.381,1,0.018000000000029104,BACKFILL_AUTO
2026-04-05 08:33:38,1775378018,CRASH500,3442.396,1,0.015000000000327418,BACKFILL_AUTO
2026-04-05 08:33:39,1775378019,CRASH500,3442.404,1,0.007999999999810825,BACKFILL_AUTO
2026-04-05 08:33:40,1775378020,CRASH500,3442.411,1,0.007000000000061846,BACKFILL_AUTO
2026-04-05 08:33:41,1775378021,CRASH500,3442.421,1,0.009999999999763531,BACKFILL_AUTO
2026-04-05 08:33:42,1775378022,CRASH500,3442.428,1,0.007000000000061846,BACKFILL_AUTO
2026-04-05 08:33:43,1775378023,CRASH500,3442.442,1,0.014000000000123691,BACKFILL_AUTO
2026-04-05 08:33:44,1775378024,CRASH500,3442.446,1,0.0039999999999054126,BACKFILL_AUTO
2026-04-05 08:33:45,1775378025,CRASH500,3442.456,1,0.010000000000218279,BACKFILL_AUTO
2026-04-05 08:33:46,1775378026,CRASH500,3442.472,1,0.016000000000076398,BACKFILL_AUTO
2026-04-05 08:33:47,1775378027,CRASH500,3442.477,1,0.004999999999654392,BACKFILL_AUTO
2026-04-05 08:33:48,1775378028,CRASH500,3442.487,1,0.010000000000218279,BACKFILL_AUTO
2026-04-05 08:33:49,1775378029,CRASH500,3442.49,1,0.0029999999997016857,BACKFILL_AUTO
2026-04-05 08:33:50,1775378030,CRASH500,3442.497,1,0.007000000000061846,BACKFILL_AUTO
2026-04-05 08:33:51,1775378031,CRASH500,3442.504,1,0.007000000000061846,BACKFILL_AUTO
2026-04-05 08:33:52,1775378032,CRASH500,3442.506,1,0.0019999999999527063,BACKFILL_AUTO
2026-04-05 08:33:53,1775378033,CRASH500,3442.511,1,0.005000000000109139,BACKFILL_AUTO
2026-04-05 08:33:54,1775378034,CRASH500,3442.514,1,0.003000000000156433,BACKFILL_AUTO
2026-04-05 08:33:55,1775378035,CRASH500,3442.522,1,0.007999999999810825,BACKFILL_AUTO
2026-04-05 08:33:56,1775378036,CRASH500,3442.533,1,0.010999999999967258,BACKFILL_AUTO
2026-04-05 08:33:57,1775378037,CRASH500,3442.548,1,0.01499999999987267,BACKFILL_AUTO
2026-04-05 08:33:58,1775378038,CRASH500,3442.564,1,0.016000000000076398,BACKFILL_AUTO
2026-04-05 08:33:59,1775378039,CRASH500,3442.573,1,0.009000000000014552,BACKFILL_AUTO
2026-04-05 08:34:00,1775378040,CRASH500,3442.575,1,0.0019999999999527063,BACKFILL_AUTO
2026-04-05 08:34:01,1775378041,CRASH500,3442.587,1,0.012000000000170985,BACKFILL_AUTO
2026-04-05 08:34:02,1775378042,CRASH500,3442.6,1,0.012999999999919964,BACKFILL_AUTO
2026-04-05 08:34:03,1775378043,CRASH500,3442.602,1,0.0019999999999527063,BACKFILL_AUTO
2026-04-05 08:34:04,1775378044,CRASH500,3442.61,1,0.008000000000265572,BACKFILL_AUTO
2026-04-05 08:34:05,1775378045,CRASH500,3442.613,1,0.0029999999997016857,BACKFILL_AUTO
2026-04-05 08:34:06,1775378046,CRASH500,3442.62,1,0.007000000000061846,BACKFILL_AUTO
2026-04-05 08:34:07,1775378047,CRASH500,3442.627,1,0.007000000000061846,BACKFILL_AUTO
2026-04-05 08:34:08,1775378048,CRASH500,3442.636,1,0.009000000000014552,BACKFILL_AUTO
2026-04-05 08:34:09,1775378049,CRASH500,3442.64,1,0.0039999999999054126,BACKFILL_AUTO
2026-04-05 08:34:10,1775378050,CRASH500,3442.649,1,0.009000000000014552,BACKFILL_AUTO
2026-04-05 08:34:11,1775378051,CRASH500,3442.657,1,0.008000000000265572,BACKFILL_AUTO
2026-04-05 08:34:12,1775378052,CRASH500,3442.664,1,0.007000000000061846,BACKFILL_AUTO
2026-04-05 08:34:13,1775378053,CRASH500,3442.669,1,0.004999999999654392,BACKFILL_AUTO
2026-04-05 08:34:14,1775378054,CRASH500,3442.681,1,0.012000000000170985,BACKFILL_AUTO
2026-04-05 08:34:15,1775378055,CRASH500,3442.689,1,0.007999999999810825,BACKFILL_AUTO
2026-04-05 08:34:16,1775378056,CRASH500,3442.691,1,0.0019999999999527063,BACKFILL_AUTO
2026-04-05 08:34:17,1775378057,CRASH500,3442.693,1,0.0020000000004074536,BACKFILL_AUTO
2026-04-05 08:34:18,1775378058,CRASH500,3442.699,1,0.005999999999858119,BACKFILL_AUTO
2026-04-05 08:34:19,1775378059,CRASH500,3442.706,1,0.007000000000061846,BACKFILL_AUTO
2026-04-05 08:34:20,1775378060,CRASH500,3442.712,1,0.005999999999858119,BACKFILL_AUTO
2026-04-05 08:34:21,1775378061,CRASH500,3442.715,1,0.003000000000156433,BACKFILL_AUTO
2026-04-05 08:34:22,1775378062,CRASH500,3442.716,1,0.0009999999997489795,BACKFILL_AUTO
2026-04-05 08:34:23,1775378063,CRASH500,3442.717,1,0.0010000000002037268,BACKFILL_AUTO
2026-04-05 08:34:24,1775378064,CRASH500,3442.724,1,0.007000000000061846,BACKFILL_AUTO
2026-04-05 08:34:25,1775378065,CRASH500,3442.732,1,0.007999999999810825,BACKFILL_AUTO
2026-04-05 08:34:26,1775378066,CRASH500,3442.734,1,0.0019999999999527063,BACKFILL_AUTO
2026-04-05 08:34:27,1775378067,CRASH500,3442.74,1,0.005999999999858119,BACKFILL_AUTO
2026-04-05 08:34:28,1775378068,CRASH500,3442.742,1,0.0020000000004074536,BACKFILL_AUTO
2026-04-05 08:34:29,1775378069,CRASH500,3442.744,1,0.0019999999999527063,BACKFILL_AUTO
2026-04-05 08:34:30,1775378070,CRASH500,3442.749,1,0.004999999999654392,BACKFILL_AUTO
2026-04-05 08:34:31,1775378071,CRASH500,3442.758,1,0.009000000000014552,BACKFILL_AUTO
2026-04-05 08:34:32,1775378072,CRASH500,3442.762,1,0.00400000000036016,BACKFILL_AUTO
2026-04-05 08:34:33,1775378073,CRASH500,3442.769,1,0.006999999999607098,BACKFILL_AUTO
2026-04-05 08:34:34,1775378074,CRASH500,3442.774,1,0.005000000000109139,BACKFILL_AUTO
2026-04-05 08:34:35,1775378075,CRASH500,3442.779,1,0.005000000000109139,BACKFILL_AUTO
2026-04-05 08:34:36,1775378076,CRASH500,3442.783,1,0.0039999999999054126,BACKFILL_AUTO
2026-04-05 08:34:37,1775378077,CRASH500,3442.796,1,0.012999999999919964,BACKFILL_AUTO
2026-04-05 08:34:38,1775378078,CRASH500,3442.806,1,0.010000000000218279,BACKFILL_AUTO
2026-04-05 08:34:39,1775378079,CRASH500,3442.811,1,0.005000000000109139,BACKFILL_AUTO
2026-04-05 08:34:40,1775378080,CRASH500,3442.813,1,0.0019999999999527063,BACKFILL_AUTO
2026-04-05 08:34:41,1775378081,CRASH500,3442.814,1,0.0009999999997489795,BACKFILL_AUTO
2026-04-05 08:34:42,1775378082,CRASH500,3442.817,1,0.003000000000156433,BACKFILL_AUTO
2026-04-05 08:34:43,1775378083,CRASH500,3442.825,1,0.007999999999810825,BACKFILL_AUTO
2026-04-05 08:34:44,1775378084,CRASH500,3442.832,1,0.007000000000061846,BACKFILL_AUTO
2026-04-05 08:34:45,1775378085,CRASH500,3442.833,1,0.0010000000002037268,BACKFILL_AUTO
2026-04-05 08:34:46,1775378086,CRASH500,3442.847,1,0.014000000000123691,BACKFILL_AUTO
2026-04-05 08:34:47,1775378087,CRASH500,3442.854,1,0.006999999999607098,BACKFILL_AUTO
2026-04-05 08:34:48,1775378088,CRASH500,3442.858,1,0.00400000000036016,BACKFILL_AUTO
2026-04-05 08:34:49,1775378089,CRASH500,3442.871,1,0.012999999999919964,BACKFILL_AUTO
2026-04-05 08:34:50,1775378090,CRASH500,3442.879,1,0.007999999999810825,BACKFILL_AUTO
2026-04-05 08:34:51,1775378091,CRASH500,3442.883,1,0.0039999999999054126,BACKFILL_AUTO
2026-04-05 08:34:52,1775378092,CRASH500,3442.895,1,0.012000000000170985,BACKFILL_AUTO
2026-04-05 08:34:53,1775378093,CRASH500,3442.91,1,0.01499999999987267,BACKFILL_AUTO
2026-04-05 08:34:54,1775378094,CRASH500,3442.913,1,0.003000000000156433,BACKFILL_AUTO
2026-04-05 08:34:55,1775378095,CRASH500,3442.921,1,0.007999999999810825,BACKFILL_AUTO
2026-04-05 08:34:56,1775378096,CRASH500,3442.929,1,0.008000000000265572,BACKFILL_AUTO
2026-04-05 08:34:57,1775378097,CRASH500,3442.941,1,0.011999999999716238,BACKFILL_AUTO
2026-04-05 08:34:58,1775378098,CRASH500,3442.945,1,0.00400000000036016,BACKFILL_AUTO
2026-04-05 08:34:59,1775378099,CRASH500,3442.958,1,0.012999999999919964,BACKFILL_AUTO
2026-04-05 08:35:00,1775378100,CRASH500,3442.961,1,0.0029999999997016857,BACKFILL_AUTO
2026-04-05 08:35:01,1775378101,CRASH500,3442.968,1,0.007000000000061846,BACKFILL_AUTO
2026-04-05 08:35:02,1775378102,CRASH500,3442.975,1,0.007000000000061846,BACKFILL_AUTO
2026-04-05 08:35:03,1775378103,CRASH500,3442.987,1,0.012000000000170985,BACKFILL_AUTO
2026-04-05 08:35:04,1775378104,CRASH500,3442.999,1,0.011999999999716238,BACKFILL_AUTO
2026-04-05 08:35:05,1775378105,CRASH500,3443.01,1,0.011000000000422006,BACKFILL_AUTO
2026-04-05 08:35:06,1775378106,CRASH500,3443.018,1,0.007999999999810825,BACKFILL_AUTO
2026-04-05 08:35:07,1775378107,CRASH500,3443.03,1,0.012000000000170985,BACKFILL_AUTO
2026-04-05 08:35:08,1775378108,CRASH500,3443.04,1,0.009999999999763531,BACKFILL_AUTO
2026-04-05 08:35:09,1775378109,CRASH500,3443.049,1,0.009000000000014552,BACKFILL_AUTO
2026-04-05 08:35:10,1775378110,CRASH500,3443.058,1,0.009000000000014552,BACKFILL_AUTO
2026-04-05 08:35:11,1775378111,CRASH500,3443.07,1,0.012000000000170985,BACKFILL_AUTO
2026-04-05 08:35:12,1775378112,CRASH500,3443.074,1,0.0039999999999054126,BACKFILL_AUTO
2026-04-05 08:35:13,1775378113,CRASH500,3443.078,1,0.0039999999999054126,BACKFILL_AUTO
2026-04-05 08:35:14,1775378114,CRASH500,3443.083,1,0.005000000000109139,BACKFILL_AUTO
2026-04-05 08:35:15,1775378115,CRASH500,3443.09,1,0.007000000000061846,BACKFILL_AUTO
2026-04-05 08:35:16,1775378116,CRASH500,3443.091,1,0.0009999999997489795,BACKFILL_AUTO
2026-04-05 08:35:17,1775378117,CRASH500,3443.093,1,0.0019999999999527063,BACKFILL_AUTO
2026-04-05 08:35:18,1775378118,CRASH500,3443.094,1,0.0010000000002037268,BACKFILL_AUTO
2026-04-05 08:35:19,1775378119,CRASH500,3443.098,1,0.0039999999999054126,BACKFILL_AUTO
2026-04-05 08:35:20,1775378120,CRASH500,3443.099,1,0.0010000000002037268,BACKFILL_AUTO
2026-04-05 08:35:21,1775378121,CRASH500,3443.1,1,0.0009999999997489795,BACKFILL_AUTO
2026-04-05 08:35:22,1775378122,CRASH500,3443.108,1,0.008000000000265572,BACKFILL_AUTO
2026-04-05 08:35:23,1775378123,CRASH500,3443.11,1,0.0019999999999527063,BACKFILL_AUTO
2026-04-05 08:35:24,1775378124,CRASH500,3443.121,1,0.010999999999967258,BACKFILL_AUTO
2026-04-05 08:35:25,1775378125,CRASH500,3443.127,1,0.005999999999858119,BACKFILL_AUTO
2026-04-05 08:35:26,1775378126,CRASH500,3443.132,1,0.005000000000109139,BACKFILL_AUTO
2026-04-05 08:35:27,1775378127,CRASH500,3443.134,1,0.0019999999999527063,BACKFILL_AUTO
2026-04-05 08:35:28,1775378128,CRASH500,3443.145,1,0.010999999999967258,BACKFILL_AUTO
2026-04-05 08:35:29,1775378129,CRASH500,3443.148,1,0.003000000000156433,BACKFILL_AUTO
2026-04-05 08:35:30,1775378130,CRASH500,3443.155,1,0.007000000000061846,BACKFILL_AUTO
2026-04-05 08:35:31,1775378131,CRASH500,3443.159,1,0.0039999999999054126,BACKFILL_AUTO
2026-04-05 08:35:32,1775378132,CRASH500,3443.166,1,0.007000000000061846,BACKFILL_AUTO
2026-04-05 08:35:33,1775378133,CRASH500,3443.171,1,0.004999999999654392,BACKFILL_AUTO
2026-04-05 08:35:34,1775378134,CRASH500,3443.174,1,0.003000000000156433,BACKFILL_AUTO
2026-04-05 08:35:35,1775378135,CRASH500,3443.176,1,0.0019999999999527063,BACKFILL_AUTO
2026-04-05 08:35:36,1775378136,CRASH500,3443.177,1,0.0010000000002037268,BACKFILL_AUTO
2026-04-05 08:35:37,1775378137,CRASH500,3443.188,1,0.010999999999967258,BACKFILL_AUTO
2026-04-05 08:35:38,1775378138,CRASH500,3443.191,1,0.0029999999997016857,BACKFILL_AUTO
2026-04-05 08:35:39,1775378139,CRASH500,3443.192,1,0.0010000000002037268,BACKFILL_AUTO
2026-04-05 08:35:40,1775378140,CRASH500,3443.194,1,0.0019999999999527063,BACKFILL_AUTO
2026-04-05 08:35:41,1775378141,CRASH500,3443.2,1,0.005999999999858119,BACKFILL_AUTO
2026-04-05 08:35:42,1775378142,CRASH500,3443.213,1,0.013000000000374712,BACKFILL_AUTO
2026-04-05 08:35:43,1775378143,CRASH500,3443.215,1,0.0019999999999527063,BACKFILL_AUTO
2026-04-05 08:35:44,1775378144,CRASH500,3443.223,1,0.007999999999810825,BACKFILL_AUTO
2026-04-05 08:35:45,1775378145,CRASH500,3443.226,1,0.003000000000156433,BACKFILL_AUTO
2026-04-05 08:35:46,1775378146,CRASH500,3443.233,1,0.007000000000061846,BACKFILL_AUTO
2026-04-05 08:35:47,1775378147,CRASH500,3443.236,1,0.0029999999997016857,BACKFILL_AUTO
2026-04-05 08:35:48,1775378148,CRASH500,3443.238,1,0.0019999999999527063,BACKFILL_AUTO
2026-04-05 08:35:49,1775378149,CRASH500,3443.242,1,0.00400000000036016,BACKFILL_AUTO
2026-04-05 08:35:50,1775378150,CRASH500,3443.246,1,0.0039999999999054126,BACKFILL_AUTO
2026-04-05 08:35:51,1775378151,CRASH500,3443.255,1,0.009000000000014552,BACKFILL_AUTO
2026-04-05 08:35:52,1775378152,CRASH500,3443.264,1,0.009000000000014552,BACKFILL_AUTO
2026-04-05 08:35:53,1775378153,CRASH500,3443.265,1,0.0009999999997489795,BACKFILL_AUTO
2026-04-05 08:35:54,1775378154,CRASH500,3443.266,1,0.0010000000002037268,BACKFILL_AUTO
2026-04-05 08:35:55,1775378155,CRASH500,3443.279,1,0.012999999999919964,BACKFILL_AUTO
2026-04-05 08:35:56,1775378156,CRASH500,3443.281,1,0.0019999999999527063,BACKFILL_AUTO
2026-04-05 08:35:57,1775378157,CRASH500,3443.287,1,0.005999999999858119,BACKFILL_AUTO
2026-04-05 08:35:58,1775378158,CRASH500,3443.308,1,0.021000000000185537,BACKFILL_AUTO
2026-04-05 08:35:59,1775378159,CRASH500,3443.328,1,0.01999999999998181,BACKFILL_AUTO
2026-04-05 08:36:00,1775378160,CRASH500,3443.343,1,0.01499999999987267,BACKFILL_AUTO
2026-04-05 08:36:01,1775378161,CRASH500,3443.349,1,0.006000000000312866,BACKFILL_AUTO
2026-04-05 08:36:02,1775378162,CRASH500,3443.35,1,0.0009999999997489795,BACKFILL_AUTO
2026-04-05 08:36:03,1775378163,CRASH500,3443.355,1,0.005000000000109139,BACKFILL_AUTO
2026-04-05 08:36:04,1775378164,CRASH500,3443.355,0,0.0,BACKFILL_AUTO
2026-04-05 08:36:05,1775378165,CRASH500,3443.363,1,0.007999999999810825,BACKFILL_AUTO
2026-04-05 08:36:06,1775378166,CRASH500,3443.375,1,0.012000000000170985,BACKFILL_AUTO
2026-04-05 08:36:07,1775378167,CRASH500,3443.376,1,0.0010000000002037268,BACKFILL_AUTO
2026-04-05 08:36:08,1775378168,CRASH500,3443.383,1,0.006999999999607098,BACKFILL_AUTO
2026-04-05 08:36:09,1775378169,CRASH500,3443.385,1,0.0020000000004074536,BACKFILL_AUTO
2026-04-05 08:36:10,1775378170,CRASH500,3443.4,1,0.01499999999987267,BACKFILL_AUTO
2026-04-05 08:36:11,1775378171,CRASH500,3443.406,1,0.005999999999858119,BACKFILL_AUTO
2026-04-05 08:36:12,1775378172,CRASH500,3443.417,1,0.010999999999967258,BACKFILL_AUTO
2026-04-05 08:36:13,1775378173,CRASH500,3443.423,1,0.005999999999858119,BACKFILL_AUTO
2026-04-05 08:36:14,1775378174,CRASH500,3443.43,1,0.007000000000061846,BACKFILL_AUTO
2026-04-05 08:36:15,1775378175,CRASH500,3443.44,1,0.010000000000218279,BACKFILL_AUTO
2026-04-05 08:36:16,1775378176,CRASH500,3443.445,1,0.005000000000109139,BACKFILL_AUTO
2026-04-05 08:36:17,1775378177,CRASH500,3443.465,1,0.01999999999998181,BACKFILL_AUTO
2026-04-05 08:36:18,1775378178,CRASH500,3443.468,1,0.0029999999997016857,BACKFILL_AUTO
2026-04-05 08:36:19,1775378179,CRASH500,3443.472,1,0.00400000000036016,BACKFILL_AUTO
2026-04-05 08:36:20,1775378180,CRASH500,3443.479,1,0.006999999999607098,BACKFILL_AUTO
2026-04-05 08:36:21,1775378181,CRASH500,3443.493,1,0.014000000000123691,BACKFILL_AUTO
2026-04-05 08:36:22,1775378182,CRASH500,3443.495,1,0.0019999999999527063,BACKFILL_AUTO
2026-04-05 08:36:23,1775378183,CRASH500,3443.502,1,0.007000000000061846,BACKFILL_AUTO
2026-04-05 08:36:24,1775378184,CRASH500,3443.509,1,0.007000000000061846,BACKFILL_AUTO
2026-04-05 08:36:25,1775378185,CRASH500,3443.516,1,0.007000000000061846,BACKFILL_AUTO
2026-04-05 08:36:26,1775378186,CRASH500,3443.517,1,0.0009999999997489795,BACKFILL_AUTO
2026-04-05 08:36:27,1775378187,CRASH500,3443.52,1,0.003000000000156433,BACKFILL_AUTO
2026-04-05 08:36:28,1775378188,CRASH500,3443.529,1,0.009000000000014552,BACKFILL_AUTO
2026-04-05 08:36:29,1775378189,CRASH500,3443.547,1,0.018000000000029104,BACKFILL_AUTO
2026-04-05 08:36:30,1775378190,CRASH500,3443.555,1,0.007999999999810825,BACKFILL_AUTO
2026-04-05 08:36:31,1775378191,CRASH500,3443.561,1,0.006000000000312866,BACKFILL_AUTO
2026-04-05 08:36:32,1775378192,CRASH500,3443.571,1,0.009999999999763531,BACKFILL_AUTO
2026-04-05 08:36:33,1775378193,CRASH500,3443.576,1,0.005000000000109139,BACKFILL_AUTO
2026-04-05 08:36:34,1775378194,CRASH500,3443.578,1,0.0019999999999527063,BACKFILL_AUTO
2026-04-05 08:36:35,1775378195,CRASH500,3443.583,1,0.005000000000109139,BACKFILL_AUTO
2026-04-05 08:36:36,1775378196,CRASH500,3443.584,1,0.0009999999997489795,BACKFILL_AUTO
2026-04-05 08:36:37,1775378197,CRASH500,3443.596,1,0.012000000000170985,BACKFILL_AUTO
2026-04-05 08:36:38,1775378198,CRASH500,3443.601,1,0.005000000000109139,BACKFILL_AUTO
2026-04-05 08:36:39,1775378199,CRASH500,3443.605,1,0.0039999999999054126,BACKFILL_AUTO
2026-04-05 08:36:40,1775378200,CRASH500,3443.609,1,0.0039999999999054126,BACKFILL_AUTO
2026-04-05 08:36:41,1775378201,CRASH500,3443.619,1,0.010000000000218279,BACKFILL_AUTO
2026-04-05 08:36:42,1775378202,CRASH500,3443.625,1,0.005999999999858119,BACKFILL_AUTO
2026-04-05 08:36:43,1775378203,CRASH500,3443.629,1,0.0039999999999054126,BACKFILL_AUTO
2026-04-05 08:36:44,1775378204,CRASH500,3443.639,1,0.010000000000218279,BACKFILL_AUTO
2026-04-05 08:36:45,1775378205,CRASH500,3443.649,1,0.009999999999763531,BACKFILL_AUTO
2026-04-05 08:36:46,1775378206,CRASH500,3443.654,1,0.005000000000109139,BACKFILL_AUTO
2026-04-05 08:36:47,1775378207,CRASH500,3443.669,1,0.01499999999987267,BACKFILL_AUTO
2026-04-05 08:36:48,1775378208,CRASH500,3443.682,1,0.012999999999919964,BACKFILL_AUTO
2026-04-05 08:36:49,1775378209,CRASH500,3443.692,1,0.010000000000218279,BACKFILL_AUTO
2026-04-05 08:36:50,1775378210,CRASH500,3443.693,1,0.0010000000002037268,BACKFILL_AUTO
2026-04-05 08:36:51,1775378211,CRASH500,3443.704,1,0.010999999999967258,BACKFILL_AUTO
2026-04-05 08:36:52,1775378212,CRASH500,3443.706,1,0.0019999999999527063,BACKFILL_AUTO
2026-04-05 08:36:53,1775378213,CRASH500,3443.718,1,0.011999999999716238,BACKFILL_AUTO
2026-04-05 08:36:54,1775378214,CRASH500,3443.722,1,0.00400000000036016,BACKFILL_AUTO
2026-04-05 08:36:55,1775378215,CRASH500,3443.722,0,0.0,BACKFILL_AUTO
2026-04-05 08:36:56,1775378216,CRASH500,3443.734,1,0.011999999999716238,BACKFILL_AUTO
2026-04-05 08:36:57,1775378217,CRASH500,3443.748,1,0.014000000000123691,BACKFILL_AUTO
2026-04-05 08:36:58,1775378218,CRASH500,3443.758,1,0.009999999999763531,BACKFILL_AUTO
2026-04-05 08:36:59,1775378219,CRASH500,3443.767,1,0.009000000000014552,BACKFILL_AUTO
2026-04-05 08:37:00,1775378220,CRASH500,3443.777,1,0.010000000000218279,BACKFILL_AUTO
2026-04-05 08:37:01,1775378221,CRASH500,3443.79,1,0.012999999999919964,BACKFILL_AUTO
2026-04-05 08:37:02,1775378222,CRASH500,3443.792,1,0.0019999999999527063,BACKFILL_AUTO
2026-04-05 08:37:03,1775378223,CRASH500,3443.801,1,0.009000000000014552,BACKFILL_AUTO
2026-04-05 08:37:04,1775378224,CRASH500,3443.815,1,0.014000000000123691,BACKFILL_AUTO
2026-04-05 08:37:05,1775378225,CRASH500,3443.82,1,0.005000000000109139,BACKFILL_AUTO
2026-04-05 08:37:06,1775378226,CRASH500,3443.826,1,0.005999999999858119,BACKFILL_AUTO
2026-04-05 08:37:07,1775378227,CRASH500,3443.828,1,0.0019999999999527063,BACKFILL_AUTO
2026-04-05 08:37:08,1775378228,CRASH500,3443.829,1,0.0010000000002037268,BACKFILL_AUTO
2026-04-05 08:37:09,1775378229,CRASH500,3443.838,1,0.009000000000014552,BACKFILL_AUTO
2026-04-05 08:37:10,1775378230,CRASH500,3443.85,1,0.011999999999716238,BACKFILL_AUTO
2026-04-05 08:37:11,1775378231,CRASH500,3443.853,1,0.003000000000156433,BACKFILL_AUTO
2026-04-05 08:37:12,1775378232,CRASH500,3443.855,1,0.0019999999999527063,BACKFILL_AUTO
2026-04-05 08:37:13,1775378233,CRASH500,3443.866,1,0.010999999999967258,BACKFILL_AUTO
2026-04-05 08:37:14,1775378234,CRASH500,3443.87,1,0.0039999999999054126,BACKFILL_AUTO
2026-04-05 08:37:15,1775378235,CRASH500,3443.88,1,0.010000000000218279,BACKFILL_AUTO
2026-04-05 08:37:16,1775378236,CRASH500,3443.889,1,0.009000000000014552,BACKFILL_AUTO
2026-04-05 08:37:17,1775378237,CRASH500,3443.895,1,0.005999999999858119,BACKFILL_AUTO
2026-04-05 08:37:18,1775378238,CRASH500,3443.901,1,0.005999999999858119,BACKFILL_AUTO
2026-04-05 08:37:19,1775378239,CRASH500,3443.914,1,0.013000000000374712,BACKFILL_AUTO
2026-04-05 08:37:20,1775378240,CRASH500,3443.928,1,0.013999999999668944,BACKFILL_AUTO
2026-04-05 08:37:21,1775378241,CRASH500,3443.935,1,0.007000000000061846,BACKFILL_AUTO
2026-04-05 08:37:22,1775378242,CRASH500,3443.941,1,0.005999999999858119,BACKFILL_AUTO
2026-04-05 08:37:23,1775378243,CRASH500,3443.947,1,0.006000000000312866,BACKFILL_AUTO
2026-04-05 08:37:24,1775378244,CRASH500,3443.953,1,0.005999999999858119,BACKFILL_AUTO
2026-04-05 08:37:25,1775378245,CRASH500,3443.968,1,0.01499999999987267,BACKFILL_AUTO
2026-04-05 08:37:26,1775378246,CRASH500,3443.984,1,0.016000000000076398,BACKFILL_AUTO
2026-04-05 08:37:27,1775378247,CRASH500,3443.993,1,0.009000000000014552,BACKFILL_AUTO
2026-04-05 08:37:28,1775378248,CRASH500,3443.997,1,0.0039999999999054126,BACKFILL_AUTO
2026-04-05 08:37:29,1775378249,CRASH500,3444.005,1,0.008000000000265572,BACKFILL_AUTO
2026-04-05 08:37:30,1775378250,CRASH500,3444.005,0,0.0,BACKFILL_AUTO
2026-04-05 08:37:31,1775378251,CRASH500,3444.012,1,0.007000000000061846,BACKFILL_AUTO
2026-04-05 08:37:32,1775378252,CRASH500,3444.013,1,0.0009999999997489795,BACKFILL_AUTO
2026-04-05 08:37:33,1775378253,CRASH500,3444.027,1,0.014000000000123691,BACKFILL_AUTO
2026-04-05 08:37:34,1775378254,CRASH500,3444.034,1,0.007000000000061846,BACKFILL_AUTO
2026-04-05 08:37:35,1775378255,CRASH500,3444.042,1,0.007999999999810825,BACKFILL_AUTO
2026-04-05 08:37:36,1775378256,CRASH500,3444.048,1,0.005999999999858119,BACKFILL_AUTO
2026-04-05 08:37:37,1775378257,CRASH500,3444.058,1,0.010000000000218279,BACKFILL_AUTO
2026-04-05 08:37:38,1775378258,CRASH500,3444.067,1,0.009000000000014552,BACKFILL_AUTO
2026-04-05 08:37:39,1775378259,CRASH500,3444.07,1,0.003000000000156433,BACKFILL_AUTO
2026-04-05 08:37:40,1775378260,CRASH500,3444.083,1,0.012999999999919964,BACKFILL_AUTO
2026-04-05 08:37:41,1775378261,CRASH500,3444.084,1,0.0009999999997489795,BACKFILL_AUTO
2026-04-05 08:37:42,1775378262,CRASH500,3444.089,1,0.005000000000109139,BACKFILL_AUTO
2026-04-05 08:37:43,1775378263,CRASH500,3444.095,1,0.005999999999858119,BACKFILL_AUTO
2026-04-05 08:37:44,1775378264,CRASH500,3444.097,1,0.0020000000004074536,BACKFILL_AUTO
2026-04-05 08:37:45,1775378265,CRASH500,3444.098,1,0.0009999999997489795,BACKFILL_AUTO
2026-04-05 08:37:46,1775378266,CRASH500,3444.099,1,0.0010000000002037268,BACKFILL_AUTO
2026-04-05 08:37:47,1775378267,CRASH500,3444.103,1,0.0039999999999054126,BACKFILL_AUTO
2026-04-05 08:37:48,1775378268,CRASH500,3444.111,1,0.007999999999810825,BACKFILL_AUTO
2026-04-05 08:37:49,1775378269,CRASH500,3444.112,1,0.0010000000002037268,BACKFILL_AUTO
2026-04-05 08:37:50,1775378270,CRASH500,3444.114,1,0.0019999999999527063,BACKFILL_AUTO
2026-04-05 08:37:51,1775378271,CRASH500,3444.117,1,0.003000000000156433,BACKFILL_AUTO
2026-04-05 08:37:52,1775378272,CRASH500,3444.117,0,0.0,BACKFILL_AUTO
2026-04-05 08:37:53,1775378273,CRASH500,3444.119,1,0.0019999999999527063,BACKFILL_AUTO
2026-04-05 08:37:54,1775378274,CRASH500,3444.126,1,0.007000000000061846,BACKFILL_AUTO
2026-04-05 08:37:55,1775378275,CRASH500,3444.134,1,0.007999999999810825,BACKFILL_AUTO
2026-04-05 08:37:56,1775378276,CRASH500,3444.147,1,0.012999999999919964,BACKFILL_AUTO
2026-04-05 08:37:57,1775378277,CRASH500,3444.162,1,0.01499999999987267,BACKFILL_AUTO
2026-04-05 08:37:58,1775378278,CRASH500,3444.167,1,0.005000000000109139,BACKFILL_AUTO
2026-04-05 08:37:59,1775378279,CRASH500,3444.179,1,0.012000000000170985,BACKFILL_AUTO
2026-04-05 08:38:00,1775378280,CRASH500,3444.191,1,0.011999999999716238,BACKFILL_AUTO
2026-04-05 08:38:01,1775378281,CRASH500,3444.192,1,0.0010000000002037268,BACKFILL_AUTO
2026-04-05 08:38:02,1775378282,CRASH500,3444.197,1,0.005000000000109139,BACKFILL_AUTO
2026-04-05 08:38:03,1775378283,CRASH500,3444.205,1,0.007999999999810825,BACKFILL_AUTO
2026-04-05 08:38:04,1775378284,CRASH500,3444.211,1,0.005999999999858119,BACKFILL_AUTO
2026-04-05 08:38:05,1775378285,CRASH500,3444.212,1,0.0010000000002037268,BACKFILL_AUTO
2026-04-05 08:38:06,1775378286,CRASH500,3444.22,1,0.007999999999810825,BACKFILL_AUTO
2026-04-05 08:38:07,1775378287,CRASH500,3444.227,1,0.007000000000061846,BACKFILL_AUTO
2026-04-05 08:38:08,1775378288,CRASH500,3444.228,1,0.0010000000002037268,BACKFILL_AUTO
2026-04-05 08:38:09,1775378289,CRASH500,3444.232,1,0.0039999999999054126,BACKFILL_AUTO
2026-04-05 08:38:10,1775378290,CRASH500,3444.234,1,0.0019999999999527063,BACKFILL_AUTO
2026-04-05 08:38:11,1775378291,CRASH500,3444.244,1,0.010000000000218279,BACKFILL_AUTO
2026-04-05 08:38:12,1775378292,CRASH500,3444.246,1,0.0019999999999527063,BACKFILL_AUTO
2026-04-05 08:38:13,1775378293,CRASH500,3444.251,1,0.005000000000109139,BACKFILL_AUTO
2026-04-05 08:38:14,1775378294,CRASH500,3444.258,1,0.006999999999607098,BACKFILL_AUTO
2026-04-05 08:38:15,1775378295,CRASH500,3444.272,1,0.014000000000123691,BACKFILL_AUTO
2026-04-05 08:38:16,1775378296,CRASH500,3444.278,1,0.005999999999858119,BACKFILL_AUTO
2026-04-05 08:38:17,1775378297,CRASH500,3444.281,1,0.003000000000156433,BACKFILL_AUTO
2026-04-05 08:38:18,1775378298,CRASH500,3444.284,1,0.003000000000156433,BACKFILL_AUTO
2026-04-05 08:38:19,1775378299,CRASH500,3444.292,1,0.007999999999810825,BACKFILL_AUTO
2026-04-05 08:38:20,1775378300,CRASH500,3444.297,1,0.005000000000109139,BACKFILL_AUTO
2026-04-05 08:38:21,1775378301,CRASH500,3444.312,1,0.01499999999987267,BACKFILL_AUTO
2026-04-05 08:38:22,1775378302,CRASH500,3444.312,0,0.0,BACKFILL_AUTO
2026-04-05 08:38:23,1775378303,CRASH500,3444.313,1,0.0010000000002037268,BACKFILL_AUTO
2026-04-05 08:38:24,1775378304,CRASH500,3444.313,0,0.0,BACKFILL_AUTO
2026-04-05 08:38:25,1775378305,CRASH500,3444.324,1,0.010999999999967258,BACKFILL_AUTO
2026-04-05 08:38:26,1775378306,CRASH500,3444.331,1,0.007000000000061846,BACKFILL_AUTO
2026-04-05 08:38:27,1775378307,CRASH500,3444.34,1,0.009000000000014552,BACKFILL_AUTO
2026-04-05 08:38:28,1775378308,CRASH500,3444.34,0,0.0,BACKFILL_AUTO
2026-04-05 08:38:29,1775378309,CRASH500,3444.349,1,0.009000000000014552,BACKFILL_AUTO
2026-04-05 08:38:30,1775378310,CRASH500,3444.36,1,0.010999999999967258,BACKFILL_AUTO
2026-04-05 08:38:31,1775378311,CRASH500,3444.363,1,0.0029999999997016857,BACKFILL_AUTO
2026-04-05 08:38:32,1775378312,CRASH500,3444.369,1,0.006000000000312866,BACKFILL_AUTO
2026-04-05 08:38:33,1775378313,CRASH500,3444.386,1,0.016999999999825377,BACKFILL_AUTO
2026-04-05 08:38:34,1775378314,CRASH500,3444.39,1,0.0039999999999054126,BACKFILL_AUTO
2026-04-05 08:38:35,1775378315,CRASH500,3444.391,1,0.0010000000002037268,BACKFILL_AUTO
2026-04-05 08:38:36,1775378316,CRASH500,3444.391,0,0.0,BACKFILL_AUTO
2026-04-05 08:38:37,1775378317,CRASH500,3444.392,1,0.0009999999997489795,BACKFILL_AUTO
2026-04-05 08:38:38,1775378318,CRASH500,3444.4,1,0.008000000000265572,BACKFILL_AUTO
2026-04-05 08:38:39,1775378319,CRASH500,3444.413,1,0.012999999999919964,BACKFILL_AUTO
2026-04-05 08:38:40,1775378320,CRASH500,3444.424,1,0.010999999999967258,BACKFILL_AUTO
2026-04-05 08:38:41,1775378321,CRASH500,3444.438,1,0.014000000000123691,BACKFILL_AUTO
2026-04-05 08:38:42,1775378322,CRASH500,3444.444,1,0.005999999999858119,BACKFILL_AUTO
2026-04-05 08:38:43,1775378323,CRASH500,3444.45,1,0.005999999999858119,BACKFILL_AUTO
2026-04-05 08:38:44,1775378324,CRASH500,3444.459,1,0.009000000000014552,BACKFILL_AUTO
2026-04-05 08:38:45,1775378325,CRASH500,3444.463,1,0.00400000000036016,BACKFILL_AUTO
2026-04-05 08:38:46,1775378326,CRASH500,3444.466,1,0.0029999999997016857,BACKFILL_AUTO
2026-04-05 08:38:47,1775378327,CRASH500,3444.472,1,0.006000000000312866,BACKFILL_AUTO
2026-04-05 08:38:48,1775378328,CRASH500,3444.478,1,0.005999999999858119,BACKFILL_AUTO
2026-04-05 08:38:49,1775378329,CRASH500,3444.481,1,0.003000000000156433,BACKFILL_AUTO
2026-04-05 08:38:50,1775378330,CRASH500,3444.493,1,0.011999999999716238,BACKFILL_AUTO
2026-04-05 08:38:51,1775378331,CRASH500,3444.495,1,0.0019999999999527063,BACKFILL_AUTO
2026-04-05 08:38:52,1775378332,CRASH500,3444.499,1,0.0039999999999054126,BACKFILL_AUTO
2026-04-05 08:38:53,1775378333,CRASH500,3444.508,1,0.009000000000014552,BACKFILL_AUTO
2026-04-05 08:38:54,1775378334,CRASH500,3444.51,1,0.0020000000004074536,BACKFILL_AUTO
2026-04-05 08:38:55,1775378335,CRASH500,3444.514,1,0.0039999999999054126,BACKFILL_AUTO
2026-04-05 08:38:56,1775378336,CRASH500,3444.521,1,0.007000000000061846,BACKFILL_AUTO
2026-04-05 08:38:57,1775378337,CRASH500,3444.53,1,0.009000000000014552,BACKFILL_AUTO
2026-04-05 08:38:58,1775378338,CRASH500,3444.54,1,0.009999999999763531,BACKFILL_AUTO
2026-04-05 08:38:59,1775378339,CRASH500,3444.548,1,0.007999999999810825,BACKFILL_AUTO
2026-04-05 08:39:00,1775378340,CRASH500,3444.548,0,0.0,BACKFILL_AUTO
2026-04-05 08:39:01,1775378341,CRASH500,3444.548,0,0.0,BACKFILL_AUTO
2026-04-05 08:39:02,1775378342,CRASH500,3444.552,1,0.00400000000036016,BACKFILL_AUTO
2026-04-05 08:39:03,1775378343,CRASH500,3444.558,1,0.005999999999858119,BACKFILL_AUTO
2026-04-05 08:39:04,1775378344,CRASH500,3444.578,1,0.01999999999998181,BACKFILL_AUTO
2026-04-05 08:39:05,1775378345,CRASH500,3444.582,1,0.0039999999999054126,BACKFILL_AUTO
2026-04-05 08:39:06,1775378346,CRASH500,3444.589,1,0.007000000000061846,BACKFILL_AUTO
2026-04-05 08:39:07,1775378347,CRASH500,3444.591,1,0.0019999999999527063,BACKFILL_AUTO
2026-04-05 08:39:08,1775378348,CRASH500,3444.591,0,0.0,BACKFILL_AUTO
2026-04-05 08:39:09,1775378349,CRASH500,3444.596,1,0.005000000000109139,BACKFILL_AUTO
2026-04-05 08:39:10,1775378350,CRASH500,3444.604,1,0.007999999999810825,BACKFILL_AUTO
2026-04-05 08:39:11,1775378351,CRASH500,3444.608,1,0.00400000000036016,BACKFILL_AUTO
2026-04-05 08:39:12,1775378352,CRASH500,3444.613,1,0.004999999999654392,BACKFILL_AUTO
2026-04-05 08:39:13,1775378353,CRASH500,3444.614,1,0.0010000000002037268,BACKFILL_AUTO
2026-04-05 08:39:14,1775378354,CRASH500,3444.62,1,0.005999999999858119,BACKFILL_AUTO
2026-04-05 08:39:15,1775378355,CRASH500,3444.63,1,0.010000000000218279,BACKFILL_AUTO
2026-04-05 08:39:16,1775378356,CRASH500,3444.637,1,0.007000000000061846,BACKFILL_AUTO
2026-04-05 08:39:17,1775378357,CRASH500,3444.641,1,0.0039999999999054126,BACKFILL_AUTO
2026-04-05 08:39:18,1775378358,CRASH500,3444.655,1,0.014000000000123691,BACKFILL_AUTO
2026-04-05 08:39:19,1775378359,CRASH500,3444.667,1,0.011999999999716238,BACKFILL_AUTO
2026-04-05 08:39:20,1775378360,CRASH500,3444.671,1,0.0039999999999054126,BACKFILL_AUTO
2026-04-05 08:39:21,1775378361,CRASH500,3444.677,1,0.006000000000312866,BACKFILL_AUTO
2026-04-05 08:39:22,1775378362,CRASH500,3444.685,1,0.007999999999810825,BACKFILL_AUTO
2026-04-05 08:39:23,1775378363,CRASH500,3444.694,1,0.009000000000014552,BACKFILL_AUTO
2026-04-05 08:39:24,1775378364,CRASH500,3444.7,1,0.005999999999858119,BACKFILL_AUTO
2026-04-05 08:39:25,1775378365,CRASH500,3444.717,1,0.017000000000280124,BACKFILL_AUTO
2026-04-05 08:39:26,1775378366,CRASH500,3444.727,1,0.009999999999763531,BACKFILL_AUTO
2026-04-05 08:39:27,1775378367,CRASH500,3444.737,1,0.010000000000218279,BACKFILL_AUTO
2026-04-05 08:39:28,1775378368,CRASH500,3444.739,1,0.0019999999999527063,BACKFILL_AUTO
2026-04-05 08:39:29,1775378369,CRASH500,3444.741,1,0.0019999999999527063,BACKFILL_AUTO
2026-04-05 08:39:30,1775378370,CRASH500,3444.741,0,0.0,BACKFILL_AUTO
2026-04-05 08:39:31,1775378371,CRASH500,3444.746,1,0.005000000000109139,BACKFILL_AUTO
2026-04-05 08:39:32,1775378372,CRASH500,3444.748,1,0.0019999999999527063,BACKFILL_AUTO
2026-04-05 08:39:33,1775378373,CRASH500,3444.748,0,0.0,BACKFILL_AUTO
2026-04-05 08:39:34,1775378374,CRASH500,3444.753,1,0.005000000000109139,BACKFILL_AUTO
2026-04-05 08:39:35,1775378375,CRASH500,3444.762,1,0.009000000000014552,BACKFILL_AUTO
2026-04-05 08:39:36,1775378376,CRASH500,3444.769,1,0.006999999999607098,BACKFILL_AUTO
2026-04-05 08:39:37,1775378377,CRASH500,3444.775,1,0.006000000000312866,BACKFILL_AUTO
2026-04-05 08:39:38,1775378378,CRASH500,3444.784,1,0.009000000000014552,BACKFILL_AUTO
2026-04-05 08:39:39,1775378379,CRASH500,3444.805,1,0.02099999999973079,BACKFILL_AUTO
2026-04-05 08:39:40,1775378380,CRASH500,3444.812,1,0.007000000000061846,BACKFILL_AUTO
2026-04-05 08:39:41,1775378381,CRASH500,3444.817,1,0.005000000000109139,BACKFILL_AUTO
2026-04-05 08:39:42,1775378382,CRASH500,3444.829,1,0.012000000000170985,BACKFILL_AUTO
2026-04-05 08:39:43,1775378383,CRASH500,3444.833,1,0.0039999999999054126,BACKFILL_AUTO
2026-04-05 08:39:44,1775378384,CRASH500,3444.844,1,0.010999999999967258,BACKFILL_AUTO
2026-04-05 08:39:45,1775378385,CRASH500,3444.852,1,0.007999999999810825,BACKFILL_AUTO
2026-04-05 08:39:46,1775378386,CRASH500,3444.857,1,0.005000000000109139,BACKFILL_AUTO
2026-04-05 08:39:47,1775378387,CRASH500,3444.859,1,0.0019999999999527063,BACKFILL_AUTO
2026-04-05 08:39:48,1775378388,CRASH500,3444.871,1,0.012000000000170985,BACKFILL_AUTO
2026-04-05 08:39:49,1775378389,CRASH500,3444.874,1,0.0029999999997016857,BACKFILL_AUTO
2026-04-05 08:39:50,1775378390,CRASH500,3444.878,1,0.00400000000036016,BACKFILL_AUTO
2026-04-05 08:39:51,1775378391,CRASH500,3444.885,1,0.007000000000061846,BACKFILL_AUTO
2026-04-05 08:39:52,1775378392,CRASH500,3444.901,1,0.01599999999962165,BACKFILL_AUTO
2026-04-05 08:39:53,1775378393,CRASH500,3444.909,1,0.008000000000265572,BACKFILL_AUTO
2026-04-05 08:39:54,1775378394,CRASH500,3444.909,0,0.0,BACKFILL_AUTO
2026-04-05 08:39:55,1775378395,CRASH500,3444.917,1,0.007999999999810825,BACKFILL_AUTO
2026-04-05 08:39:56,1775378396,CRASH500,3444.92,1,0.003000000000156433,BACKFILL_AUTO
2026-04-05 08:39:57,1775378397,CRASH500,3444.923,1,0.0029999999997016857,BACKFILL_AUTO
2026-04-05 08:39:58,1775378398,CRASH500,3444.933,1,0.010000000000218279,BACKFILL_AUTO
2026-04-05 08:39:59,1775378399,CRASH500,3444.937,1,0.0039999999999054126,BACKFILL_AUTO
2026-04-05 08:40:00,1775378400,CRASH500,3444.943,1,0.006000000000312866,BACKFILL_AUTO
2026-04-05 08:40:01,1775378401,CRASH500,3444.952,1,0.009000000000014552,BACKFILL_AUTO
2026-04-05 08:40:02,1775378402,CRASH500,3444.954,1,0.0019999999999527063,BACKFILL_AUTO
2026-04-05 08:40:03,1775378403,CRASH500,3444.975,1,0.02099999999973079,BACKFILL_AUTO
2026-04-05 08:40:04,1775378404,CRASH500,3444.981,1,0.006000000000312866,BACKFILL_AUTO
2026-04-05 08:40:05,1775378405,CRASH500,3444.989,1,0.007999999999810825,BACKFILL_AUTO
2026-04-05 08:40:06,1775378406,CRASH500,3444.996,1,0.007000000000061846,BACKFILL_AUTO
2026-04-05 08:40:07,1775378407,CRASH500,3444.998,1,0.0019999999999527063,BACKFILL_AUTO
2026-04-05 08:40:08,1775378408,CRASH500,3445.006,1,0.007999999999810825,BACKFILL_AUTO
2026-04-05 08:40:09,1775378409,CRASH500,3445.007,1,0.0010000000002037268,BACKFILL_AUTO
2026-04-05 08:40:10,1775378410,CRASH500,3445.015,1,0.007999999999810825,BACKFILL_AUTO
2026-04-05 08:40:11,1775378411,CRASH500,3445.022,1,0.007000000000061846,BACKFILL_AUTO
2026-04-05 08:40:12,1775378412,CRASH500,3445.035,1,0.012999999999919964,BACKFILL_AUTO
2026-04-05 08:40:13,1775378413,CRASH500,3445.042,1,0.007000000000061846,BACKFILL_AUTO
2026-04-05 08:40:14,1775378414,CRASH500,3445.048,1,0.005999999999858119,BACKFILL_AUTO
2026-04-05 08:40:15,1775378415,CRASH500,3445.059,1,0.011000000000422006,BACKFILL_AUTO
2026-04-05 08:40:16,1775378416,CRASH500,3445.062,1,0.0029999999997016857,BACKFILL_AUTO
2026-04-05 08:40:17,1775378417,CRASH500,3445.073,1,0.010999999999967258,BACKFILL_AUTO
2026-04-05 08:40:18,1775378418,CRASH500,3445.079,1,0.006000000000312866,BACKFILL_AUTO
2026-04-05 08:40:19,1775378419,CRASH500,3445.087,1,0.007999999999810825,BACKFILL_AUTO
2026-04-05 08:40:20,1775378420,CRASH500,3445.096,1,0.009000000000014552,BACKFILL_AUTO
2026-04-05 08:40:21,1775378421,CRASH500,3445.104,1,0.007999999999810825,BACKFILL_AUTO
2026-04-05 08:40:22,1775378422,CRASH500,3445.11,1,0.006000000000312866,BACKFILL_AUTO
2026-04-05 08:40:23,1775378423,CRASH500,3445.115,1,0.004999999999654392,BACKFILL_AUTO
2026-04-05 08:40:24,1775378424,CRASH500,3445.126,1,0.011000000000422006,BACKFILL_AUTO
2026-04-05 08:40:25,1775378425,CRASH500,3445.132,1,0.005999999999858119,BACKFILL_AUTO
2026-04-05 08:40:26,1775378426,CRASH500,3445.143,1,0.010999999999967258,BACKFILL_AUTO
2026-04-05 08:40:27,1775378427,CRASH500,3445.149,1,0.005999999999858119,BACKFILL_AUTO
2026-04-05 08:40:28,1775378428,CRASH500,3445.15,1,0.0010000000002037268,BACKFILL_AUTO
2026-04-05 08:40:29,1775378429,CRASH500,3445.16,1,0.009999999999763531,BACKFILL_AUTO
2026-04-05 08:40:30,1775378430,CRASH500,3445.166,1,0.006000000000312866,BACKFILL_AUTO
2026-04-05 08:40:31,1775378431,CRASH500,3445.179,1,0.012999999999919964,BACKFILL_AUTO
2026-04-05 08:40:32,1775378432,CRASH500,3445.185,1,0.005999999999858119,BACKFILL_AUTO
2026-04-05 08:40:33,1775378433,CRASH500,3445.2,1,0.01499999999987267,BACKFILL_AUTO
2026-04-05 08:40:34,1775378434,CRASH500,3445.212,1,0.012000000000170985,BACKFILL_AUTO
2026-04-05 08:40:35,1775378435,CRASH500,3445.214,1,0.0019999999999527063,BACKFILL_AUTO
2026-04-05 08:40:36,1775378436,CRASH500,3445.217,1,0.003000000000156433,BACKFILL_AUTO
2026-04-05 08:40:37,1775378437,CRASH500,3445.228,1,0.010999999999967258,BACKFILL_AUTO
2026-04-05 08:40:38,1775378438,CRASH500,3445.242,1,0.014000000000123691,BACKFILL_AUTO
2026-04-05 08:40:39,1775378439,CRASH500,3445.25,1,0.007999999999810825,BACKFILL_AUTO
2026-04-05 08:40:40,1775378440,CRASH500,3445.261,1,0.010999999999967258,BACKFILL_AUTO
2026-04-05 08:40:41,1775378441,CRASH500,3445.266,1,0.005000000000109139,BACKFILL_AUTO
2026-04-05 08:40:42,1775378442,CRASH500,3445.279,1,0.012999999999919964,BACKFILL_AUTO
2026-04-05 08:40:43,1775378443,CRASH500,3445.295,1,0.016000000000076398,BACKFILL_AUTO
2026-04-05 08:40:44,1775378444,CRASH500,3445.296,1,0.0009999999997489795,BACKFILL_AUTO
2026-04-05 08:40:45,1775378445,CRASH500,3445.305,1,0.009000000000014552,BACKFILL_AUTO
2026-04-05 08:40:46,1775378446,CRASH500,3445.314,1,0.009000000000014552,BACKFILL_AUTO
2026-04-05 08:40:47,1775378447,CRASH500,3445.323,1,0.009000000000014552,BACKFILL_AUTO
2026-04-05 08:40:48,1775378448,CRASH500,3445.335,1,0.012000000000170985,BACKFILL_AUTO
2026-04-05 08:40:49,1775378449,CRASH500,3445.342,1,0.007000000000061846,BACKFILL_AUTO
2026-04-05 08:40:50,1775378450,CRASH500,3445.361,1,0.018999999999778083,BACKFILL_AUTO
2026-04-05 08:40:51,1775378451,CRASH500,3445.374,1,0.012999999999919964,BACKFILL_AUTO
2026-04-05 08:40:52,1775378452,CRASH500,3445.381,1,0.007000000000061846,BACKFILL_AUTO
2026-04-05 08:40:53,1775378453,CRASH500,3445.393,1,0.012000000000170985,BACKFILL_AUTO
2026-04-05 08:40:54,1775378454,CRASH500,3445.399,1,0.005999999999858119,BACKFILL_AUTO
2026-04-05 08:40:55,1775378455,CRASH500,3445.413,1,0.014000000000123691,BACKFILL_AUTO
2026-04-05 08:40:56,1775378456,CRASH500,3445.43,1,0.016999999999825377,BACKFILL_AUTO
2026-04-05 08:40:57,1775378457,CRASH500,3445.437,1,0.007000000000061846,BACKFILL_AUTO
2026-04-05 08:40:58,1775378458,CRASH500,3445.447,1,0.010000000000218279,BACKFILL_AUTO
2026-04-05 08:40:59,1775378459,CRASH500,3445.465,1,0.018000000000029104,BACKFILL_AUTO
2026-04-05 08:41:00,1775378460,CRASH500,3445.472,1,0.007000000000061846,BACKFILL_AUTO
2026-04-05 08:41:01,1775378461,CRASH500,3445.478,1,0.005999999999858119,BACKFILL_AUTO
2026-04-05 08:41:02,1775378462,CRASH500,3445.482,1,0.0039999999999054126,BACKFILL_AUTO
2026-04-05 08:41:03,1775378463,CRASH500,3445.492,1,0.010000000000218279,BACKFILL_AUTO
2026-04-05 08:41:04,1775378464,CRASH500,3445.497,1,0.004999999999654392,BACKFILL_AUTO
2026-04-05 08:41:05,1775378465,CRASH500,3445.502,1,0.005000000000109139,BACKFILL_AUTO
2026-04-05 08:41:06,1775378466,CRASH500,3445.505,1,0.003000000000156433,BACKFILL_AUTO
2026-04-05 08:41:07,1775378467,CRASH500,3445.511,1,0.005999999999858119,BACKFILL_AUTO
2026-04-05 08:41:08,1775378468,CRASH500,3445.512,1,0.0010000000002037268,BACKFILL_AUTO
2026-04-05 08:41:09,1775378469,CRASH500,3445.514,1,0.0019999999999527063,BACKFILL_AUTO
2026-04-05 08:41:10,1775378470,CRASH500,3445.524,1,0.009999999999763531,BACKFILL_AUTO
2026-04-05 08:41:11,1775378471,CRASH500,3445.525,1,0.0010000000002037268,BACKFILL_AUTO
2026-04-05 08:41:12,1775378472,CRASH500,3445.525,0,0.0,BACKFILL_AUTO
2026-04-05 08:41:13,1775378473,CRASH500,3445.526,1,0.0009999999997489795,BACKFILL_AUTO
2026-04-05 08:41:14,1775378474,CRASH500,3445.527,1,0.0010000000002037268,BACKFILL_AUTO
2026-04-05 08:41:15,1775378475,CRASH500,3445.53,1,0.003000000000156433,BACKFILL_AUTO
2026-04-05 08:41:16,1775378476,CRASH500,3445.532,1,0.0019999999999527063,BACKFILL_AUTO
2026-04-05 08:41:17,1775378477,CRASH500,3445.541,1,0.009000000000014552,BACKFILL_AUTO
2026-04-05 08:41:18,1775378478,CRASH500,3445.541,0,0.0,BACKFILL_AUTO
2026-04-05 08:41:19,1775378479,CRASH500,3445.557,1,0.01599999999962165,BACKFILL_AUTO
2026-04-05 08:41:20,1775378480,CRASH500,3445.557,0,0.0,BACKFILL_AUTO
2026-04-05 08:41:21,1775378481,CRASH500,3445.568,1,0.011000000000422006,BACKFILL_AUTO
2026-04-05 08:41:22,1775378482,CRASH500,3445.581,1,0.012999999999919964,BACKFILL_AUTO
2026-04-05 08:41:23,1775378483,CRASH500,3445.59,1,0.009000000000014552,BACKFILL_AUTO
2026-04-05 08:41:24,1775378484,CRASH500,3445.602,1,0.011999999999716238,BACKFILL_AUTO
2026-04-05 08:41:25,1775378485,CRASH500,3445.615,1,0.012999999999919964,BACKFILL_AUTO
2026-04-05 08:41:26,1775378486,CRASH500,3445.633,1,0.018000000000029104,BACKFILL_AUTO
2026-04-05 08:41:27,1775378487,CRASH500,3445.638,1,0.005000000000109139,BACKFILL_AUTO
2026-04-05 08:41:28,1775378488,CRASH500,3445.64,1,0.0019999999999527063,BACKFILL_AUTO
2026-04-05 08:41:29,1775378489,CRASH500,3445.643,1,0.003000000000156433,BACKFILL_AUTO
2026-04-05 08:41:30,1775378490,CRASH500,3445.649,1,0.005999999999858119,BACKFILL_AUTO
2026-04-05 08:41:31,1775378491,CRASH500,3445.65,1,0.0010000000002037268,BACKFILL_AUTO
2026-04-05 08:41:32,1775378492,CRASH500,3445.657,1,0.007000000000061846,BACKFILL_AUTO
2026-04-05 08:41:33,1775378493,CRASH500,3445.663,1,0.005999999999858119,BACKFILL_AUTO
2026-04-05 08:41:34,1775378494,CRASH500,3445.671,1,0.007999999999810825,BACKFILL_AUTO
2026-04-05 08:41:35,1775378495,CRASH500,3445.675,1,0.00400000000036016,BACKFILL_AUTO
2026-04-05 08:41:36,1775378496,CRASH500,3445.677,1,0.0019999999999527063,BACKFILL_AUTO
2026-04-05 08:41:37,1775378497,CRASH500,3445.682,1,0.004999999999654392,BACKFILL_AUTO
2026-04-05 08:41:38,1775378498,CRASH500,3445.684,1,0.0020000000004074536,BACKFILL_AUTO
2026-04-05 08:41:39,1775378499,CRASH500,3445.686,1,0.0019999999999527063,BACKFILL_AUTO
2026-04-05 08:41:40,1775378500,CRASH500,3445.692,1,0.005999999999858119,BACKFILL_AUTO
2026-04-05 08:41:41,1775378501,CRASH500,3445.696,1,0.0039999999999054126,BACKFILL_AUTO
2026-04-05 08:41:42,1775378502,CRASH500,3445.702,1,0.006000000000312866,BACKFILL_AUTO
2026-04-05 08:41:43,1775378503,CRASH500,3445.714,1,0.011999999999716238,BACKFILL_AUTO
2026-04-05 08:41:44,1775378504,CRASH500,3445.72,1,0.005999999999858119,BACKFILL_AUTO
2026-04-05 08:41:45,1775378505,CRASH500,3445.732,1,0.012000000000170985,BACKFILL_AUTO
2026-04-05 08:41:46,1775378506,CRASH500,3445.733,1,0.0010000000002037268,BACKFILL_AUTO
2026-04-05 08:41:47,1775378507,CRASH500,3445.743,1,0.009999999999763531,BACKFILL_AUTO
2026-04-05 08:41:48,1775378508,CRASH500,3445.75,1,0.007000000000061846,BACKFILL_AUTO
2026-04-05 08:41:49,1775378509,CRASH500,3445.751,1,0.0010000000002037268,BACKFILL_AUTO
2026-04-05 08:41:50,1775378510,CRASH500,3445.752,1,0.0009999999997489795,BACKFILL_AUTO
2026-04-05 08:41:51,1775378511,CRASH500,3445.763,1,0.010999999999967258,BACKFILL_AUTO
2026-04-05 08:41:52,1775378512,CRASH500,3445.767,1,0.0039999999999054126,BACKFILL_AUTO
2026-04-05 08:41:53,1775378513,CRASH500,3445.778,1,0.010999999999967258,BACKFILL_AUTO
2026-04-05 08:41:54,1775378514,CRASH500,3445.78,1,0.0020000000004074536,BACKFILL_AUTO
2026-04-05 08:41:55,1775378515,CRASH500,3445.79,1,0.009999999999763531,BACKFILL_AUTO
2026-04-05 08:41:56,1775378516,CRASH500,3445.798,1,0.007999999999810825,BACKFILL_AUTO
2026-04-05 08:41:57,1775378517,CRASH500,3445.804,1,0.006000000000312866,BACKFILL_AUTO
2026-04-05 08:41:58,1775378518,CRASH500,3445.818,1,0.014000000000123691,BACKFILL_AUTO
2026-04-05 08:41:59,1775378519,CRASH500,3445.822,1,0.0039999999999054126,BACKFILL_AUTO
2026-04-05 08:42:00,1775378520,CRASH500,3445.837,1,0.01499999999987267,BACKFILL_AUTO
2026-04-05 08:42:01,1775378521,CRASH500,3445.841,1,0.0039999999999054126,BACKFILL_AUTO
2026-04-05 08:42:02,1775378522,CRASH500,3445.856,1,0.015000000000327418,BACKFILL_AUTO
2026-04-05 08:42:03,1775378523,CRASH500,3445.865,1,0.008999999999559805,BACKFILL_AUTO
2026-04-05 08:42:04,1775378524,CRASH500,3445.866,1,0.0010000000002037268,BACKFILL_AUTO
2026-04-05 08:42:05,1775378525,CRASH500,3445.88,1,0.014000000000123691,BACKFILL_AUTO
2026-04-05 08:42:06,1775378526,CRASH500,3445.881,1,0.0009999999997489795,BACKFILL_AUTO
2026-04-05 08:42:07,1775378527,CRASH500,3445.883,1,0.0019999999999527063,BACKFILL_AUTO
2026-04-05 08:42:08,1775378528,CRASH500,3445.897,1,0.014000000000123691,BACKFILL_AUTO
2026-04-05 08:42:09,1775378529,CRASH500,3445.917,1,0.01999999999998181,BACKFILL_AUTO
2026-04-05 08:42:10,1775378530,CRASH500,3445.918,1,0.0010000000002037268,BACKFILL_AUTO
2026-04-05 08:42:11,1775378531,CRASH500,3445.92,1,0.0019999999999527063,BACKFILL_AUTO
2026-04-05 08:42:12,1775378532,CRASH500,3445.925,1,0.005000000000109139,BACKFILL_AUTO
2026-04-05 08:42:13,1775378533,CRASH500,3445.929,1,0.0039999999999054126,BACKFILL_AUTO
2026-04-05 08:42:14,1775378534,CRASH500,3445.933,1,0.0039999999999054126,BACKFILL_AUTO
2026-04-05 08:42:15,1775378535,CRASH500,3445.936,1,0.003000000000156433,BACKFILL_AUTO
2026-04-05 08:42:16,1775378536,CRASH500,3445.951,1,0.01499999999987267,BACKFILL_AUTO
2026-04-05 08:42:17,1775378537,CRASH500,3445.955,1,0.0039999999999054126,BACKFILL_AUTO
2026-04-05 08:42:18,1775378538,CRASH500,3445.957,1,0.0019999999999527063,BACKFILL_AUTO
2026-04-05 08:42:19,1775378539,CRASH500,3445.961,1,0.0039999999999054126,BACKFILL_AUTO
2026-04-05 08:42:20,1775378540,CRASH500,3445.965,1,0.00400000000036016,BACKFILL_AUTO
2026-04-05 08:42:21,1775378541,CRASH500,3445.969,1,0.0039999999999054126,BACKFILL_AUTO
2026-04-05 08:42:22,1775378542,CRASH500,3445.973,1,0.0039999999999054126,BACKFILL_AUTO
2026-04-05 08:42:23,1775378543,CRASH500,3445.978,1,0.005000000000109139,BACKFILL_AUTO
2026-04-05 08:42:24,1775378544,CRASH500,3445.987,1,0.009000000000014552,BACKFILL_AUTO
2026-04-05 08:42:25,1775378545,CRASH500,3445.997,1,0.009999999999763531,BACKFILL_AUTO
2026-04-05 08:42:26,1775378546,CRASH500,3446.01,1,0.013000000000374712,BACKFILL_AUTO
2026-04-05 08:42:27,1775378547,CRASH500,3446.027,1,0.016999999999825377,BACKFILL_AUTO
2026-04-05 08:42:28,1775378548,CRASH500,3446.031,1,0.0039999999999054126,BACKFILL_AUTO
2026-04-05 08:42:29,1775378549,CRASH500,3446.033,1,0.0019999999999527063,BACKFILL_AUTO
2026-04-05 08:42:30,1775378550,CRASH500,3446.037,1,0.0039999999999054126,BACKFILL_AUTO
2026-04-05 08:42:31,1775378551,CRASH500,3446.041,1,0.00400000000036016,BACKFILL_AUTO
2026-04-05 08:42:32,1775378552,CRASH500,3446.049,1,0.007999999999810825,BACKFILL_AUTO
2026-04-05 08:42:33,1775378553,CRASH500,3446.052,1,0.003000000000156433,BACKFILL_AUTO
2026-04-05 08:42:34,1775378554,CRASH500,3446.055,1,0.0029999999997016857,BACKFILL_AUTO
2026-04-05 08:42:35,1775378555,CRASH500,3446.063,1,0.008000000000265572,BACKFILL_AUTO
2026-04-05 08:42:36,1775378556,CRASH500,3446.073,1,0.009999999999763531,BACKFILL_AUTO
2026-04-05 08:42:37,1775378557,CRASH500,3446.081,1,0.008000000000265572,BACKFILL_AUTO
2026-04-05 08:42:38,1775378558,CRASH500,3446.087,1,0.005999999999858119,BACKFILL_AUTO
2026-04-05 08:42:39,1775378559,CRASH500,3446.091,1,0.0039999999999054126,BACKFILL_AUTO
2026-04-05 08:42:40,1775378560,CRASH500,3446.094,1,0.003000000000156433,BACKFILL_AUTO
2026-04-05 08:42:41,1775378561,CRASH500,3446.102,1,0.007999999999810825,BACKFILL_AUTO
2026-04-05 08:42:42,1775378562,CRASH500,3446.106,1,0.00400000000036016,BACKFILL_AUTO
2026-04-05 08:42:43,1775378563,CRASH500,3446.114,1,0.007999999999810825,BACKFILL_AUTO
2026-04-05 08:42:44,1775378564,CRASH500,3446.124,1,0.009999999999763531,BACKFILL_AUTO
2026-04-05 08:42:45,1775378565,CRASH500,3446.125,1,0.0010000000002037268,BACKFILL_AUTO
2026-04-05 08:42:46,1775378566,CRASH500,3446.13,1,0.005000000000109139,BACKFILL_AUTO
2026-04-05 08:42:47,1775378567,CRASH500,3446.133,1,0.0029999999997016857,BACKFILL_AUTO
2026-04-05 08:42:48,1775378568,CRASH500,3446.134,1,0.0010000000002037268,BACKFILL_AUTO
2026-04-05 08:42:49,1775378569,CRASH500,3446.136,1,0.0019999999999527063,BACKFILL_AUTO
2026-04-05 08:42:50,1775378570,CRASH500,3446.141,1,0.005000000000109139,BACKFILL_AUTO
2026-04-05 08:42:51,1775378571,CRASH500,3446.148,1,0.007000000000061846,BACKFILL_AUTO
2026-04-05 08:42:52,1775378572,CRASH500,3446.152,1,0.0039999999999054126,BACKFILL_AUTO
2026-04-05 08:42:53,1775378573,CRASH500,3446.152,0,0.0,BACKFILL_AUTO
2026-04-05 08:42:54,1775378574,CRASH500,3446.156,1,0.0039999999999054126,BACKFILL_AUTO
2026-04-05 08:42:55,1775378575,CRASH500,3446.167,1,0.010999999999967258,BACKFILL_AUTO
2026-04-05 08:42:56,1775378576,CRASH500,3446.169,1,0.0019999999999527063,BACKFILL_AUTO
2026-04-05 08:42:57,1775378577,CRASH500,3446.169,0,0.0,BACKFILL_AUTO
2026-04-05 08:42:58,1775378578,CRASH500,3446.175,1,0.006000000000312866,BACKFILL_AUTO
2026-04-05 08:42:59,1775378579,CRASH500,3446.175,0,0.0,BACKFILL_AUTO
2026-04-05 08:43:00,1775378580,CRASH500,3446.18,1,0.004999999999654392,BACKFILL_AUTO
2026-04-05 08:43:01,1775378581,CRASH500,3446.184,1,0.00400000000036016,BACKFILL_AUTO
2026-04-05 08:43:02,1775378582,CRASH500,3446.185,1,0.0009999999997489795,BACKFILL_AUTO
2026-04-05 08:43:03,1775378583,CRASH500,3446.203,1,0.018000000000029104,BACKFILL_AUTO
2026-04-05 08:43:04,1775378584,CRASH500,3446.212,1,0.009000000000014552,BACKFILL_AUTO
2026-04-05 08:43:05,1775378585,CRASH500,3446.217,1,0.005000000000109139,BACKFILL_AUTO
2026-04-05 08:43:06,1775378586,CRASH500,3446.231,1,0.014000000000123691,BACKFILL_AUTO
2026-04-05 08:43:07,1775378587,CRASH500,3446.245,1,0.013999999999668944,BACKFILL_AUTO
2026-04-05 08:43:08,1775378588,CRASH500,3446.245,0,0.0,BACKFILL_AUTO
2026-04-05 08:43:09,1775378589,CRASH500,3446.26,1,0.015000000000327418,BACKFILL_AUTO
2026-04-05 08:43:10,1775378590,CRASH500,3446.267,1,0.006999999999607098,BACKFILL_AUTO
2026-04-05 08:43:11,1775378591,CRASH500,3446.27,1,0.003000000000156433,BACKFILL_AUTO
2026-04-05 08:43:12,1775378592,CRASH500,3446.282,1,0.012000000000170985,BACKFILL_AUTO
2026-04-05 08:43:13,1775378593,CRASH500,3446.289,1,0.007000000000061846,BACKFILL_AUTO
2026-04-05 08:43:14,1775378594,CRASH500,3446.308,1,0.018999999999778083,BACKFILL_AUTO
2026-04-05 08:43:15,1775378595,CRASH500,3446.31,1,0.0019999999999527063,BACKFILL_AUTO
2026-04-05 08:43:16,1775378596,CRASH500,3446.33,1,0.01999999999998181,BACKFILL_AUTO
2026-04-05 08:43:17,1775378597,CRASH500,3446.338,1,0.008000000000265572,BACKFILL_AUTO
2026-04-05 08:43:18,1775378598,CRASH500,3446.344,1,0.005999999999858119,BACKFILL_AUTO
2026-04-05 08:43:19,1775378599,CRASH500,3446.345,1,0.0009999999997489795,BACKFILL_AUTO
2026-04-05 08:43:20,1775378600,CRASH500,3446.345,0,0.0,BACKFILL_AUTO
2026-04-05 08:43:21,1775378601,CRASH500,3446.36,1,0.015000000000327418,BACKFILL_AUTO
2026-04-05 08:43:22,1775378602,CRASH500,3446.367,1,0.007000000000061846,BACKFILL_AUTO
2026-04-05 08:43:23,1775378603,CRASH500,3446.37,1,0.0029999999997016857,BACKFILL_AUTO
2026-04-05 08:43:24,1775378604,CRASH500,3446.371,1,0.0010000000002037268,BACKFILL_AUTO
2026-04-05 08:43:25,1775378605,CRASH500,3446.381,1,0.009999999999763531,BACKFILL_AUTO
2026-04-05 08:43:26,1775378606,CRASH500,3446.395,1,0.014000000000123691,BACKFILL_AUTO
2026-04-05 08:43:27,1775378607,CRASH500,3446.399,1,0.0039999999999054126,BACKFILL_AUTO
2026-04-05 08:43:28,1775378608,CRASH500,3446.402,1,0.003000000000156433,BACKFILL_AUTO
2026-04-05 08:43:29,1775378609,CRASH500,3446.409,1,0.007000000000061846,BACKFILL_AUTO
2026-04-05 08:43:30,1775378610,CRASH500,3446.421,1,0.011999999999716238,BACKFILL_AUTO
2026-04-05 08:43:31,1775378611,CRASH500,3446.431,1,0.010000000000218279,BACKFILL_AUTO
2026-04-05 08:43:32,1775378612,CRASH500,3446.446,1,0.01499999999987267,BACKFILL_AUTO
2026-04-05 08:43:33,1775378613,CRASH500,3446.458,1,0.012000000000170985,BACKFILL_AUTO
2026-04-05 08:43:34,1775378614,CRASH500,3446.462,1,0.0039999999999054126,BACKFILL_AUTO
2026-04-05 08:43:35,1775378615,CRASH500,3446.463,1,0.0010000000002037268,BACKFILL_AUTO
2026-04-05 08:43:36,1775378616,CRASH500,3446.468,1,0.004999999999654392,BACKFILL_AUTO
2026-04-05 08:43:37,1775378617,CRASH500,3446.474,1,0.006000000000312866,BACKFILL_AUTO
2026-04-05 08:43:38,1775378618,CRASH500,3446.475,1,0.0009999999997489795,BACKFILL_AUTO
2026-04-05 08:43:39,1775378619,CRASH500,3446.483,1,0.008000000000265572,BACKFILL_AUTO
2026-04-05 08:43:40,1775378620,CRASH500,3446.485,1,0.0019999999999527063,BACKFILL_AUTO
2026-04-05 08:43:41,1775378621,CRASH500,3446.493,1,0.007999999999810825,BACKFILL_AUTO
2026-04-05 08:43:42,1775378622,CRASH500,3446.494,1,0.0010000000002037268,BACKFILL_AUTO
2026-04-05 08:43:43,1775378623,CRASH500,3446.514,1,0.01999999999998181,BACKFILL_AUTO
2026-04-05 08:43:44,1775378624,CRASH500,3446.517,1,0.0029999999997016857,BACKFILL_AUTO
2026-04-05 08:43:45,1775378625,CRASH500,3446.518,1,0.0010000000002037268,BACKFILL_AUTO
2026-04-05 08:43:46,1775378626,CRASH500,3446.529,1,0.010999999999967258,BACKFILL_AUTO
2026-04-05 08:43:47,1775378627,CRASH500,3446.538,1,0.009000000000014552,BACKFILL_AUTO
2026-04-05 08:43:48,1775378628,CRASH500,3446.553,1,0.01499999999987267,BACKFILL_AUTO
2026-04-05 08:43:49,1775378629,CRASH500,3446.554,1,0.0010000000002037268,BACKFILL_AUTO
2026-04-05 08:43:50,1775378630,CRASH500,3446.554,0,0.0,BACKFILL_AUTO
2026-04-05 08:43:51,1775378631,CRASH500,3446.56,1,0.005999999999858119,BACKFILL_AUTO
2026-04-05 08:43:52,1775378632,CRASH500,3446.573,1,0.012999999999919964,BACKFILL_AUTO
2026-04-05 08:43:53,1775378633,CRASH500,3446.583,1,0.010000000000218279,BACKFILL_AUTO
2026-04-05 08:43:54,1775378634,CRASH500,3446.596,1,0.012999999999919964,BACKFILL_AUTO
2026-04-05 08:43:55,1775378635,CRASH500,3446.604,1,0.007999999999810825,BACKFILL_AUTO
2026-04-05 08:43:56,1775378636,CRASH500,3446.624,1,0.01999999999998181,BACKFILL_AUTO
2026-04-05 08:43:57,1775378637,CRASH500,3446.631,1,0.007000000000061846,BACKFILL_AUTO
2026-04-05 08:43:58,1775378638,CRASH500,3446.64,1,0.009000000000014552,BACKFILL_AUTO
2026-04-05 08:43:59,1775378639,CRASH500,3446.651,1,0.010999999999967258,BACKFILL_AUTO
2026-04-05 08:44:00,1775378640,CRASH500,3446.66,1,0.009000000000014552,BACKFILL_AUTO
2026-04-05 08:44:01,1775378641,CRASH500,3446.666,1,0.006000000000312866,BACKFILL_AUTO
2026-04-05 08:44:02,1775378642,CRASH500,3446.668,1,0.0019999999999527063,BACKFILL_AUTO
2026-04-05 08:44:03,1775378643,CRASH500,3446.673,1,0.004999999999654392,BACKFILL_AUTO
2026-04-05 08:44:04,1775378644,CRASH500,3446.678,1,0.005000000000109139,BACKFILL_AUTO
2026-04-05 08:44:05,1775378645,CRASH500,3446.681,1,0.003000000000156433,BACKFILL_AUTO
2026-04-05 08:44:06,1775378646,CRASH500,3446.685,1,0.0039999999999054126,BACKFILL_AUTO
2026-04-05 08:44:07,1775378647,CRASH500,3446.69,1,0.005000000000109139,BACKFILL_AUTO
2026-04-05 08:44:08,1775378648,CRASH500,3446.692,1,0.0019999999999527063,BACKFILL_AUTO
2026-04-05 08:44:09,1775378649,CRASH500,3446.696,1,0.0039999999999054126,BACKFILL_AUTO
2026-04-05 08:44:10,1775378650,CRASH500,3446.7,1,0.0039999999999054126,BACKFILL_AUTO
2026-04-05 08:44:11,1775378651,CRASH500,3446.704,1,0.00400000000036016,BACKFILL_AUTO
2026-04-05 08:44:12,1775378652,CRASH500,3446.709,1,0.004999999999654392,BACKFILL_AUTO
2026-04-05 08:44:13,1775378653,CRASH500,3446.716,1,0.007000000000061846,BACKFILL_AUTO
2026-04-05 08:44:14,1775378654,CRASH500,3446.723,1,0.007000000000061846,BACKFILL_AUTO
2026-04-05 08:44:15,1775378655,CRASH500,3446.724,1,0.0010000000002037268,BACKFILL_AUTO
2026-04-05 08:44:16,1775378656,CRASH500,3446.727,1,0.0029999999997016857,BACKFILL_AUTO
2026-04-05 08:44:17,1775378657,CRASH500,3446.727,0,0.0,BACKFILL_AUTO
2026-04-05 08:44:18,1775378658,CRASH500,3446.728,1,0.0010000000002037268,BACKFILL_AUTO
2026-04-05 08:44:19,1775378659,CRASH500,3446.74,1,0.011999999999716238,BACKFILL_AUTO
2026-04-05 08:44:20,1775378660,CRASH500,3446.741,1,0.0010000000002037268,BACKFILL_AUTO
2026-04-05 08:44:21,1775378661,CRASH500,3446.747,1,0.005999999999858119,BACKFILL_AUTO
2026-04-05 08:44:22,1775378662,CRASH500,3446.751,1,0.00400000000036016,BACKFILL_AUTO
2026-04-05 08:44:23,1775378663,CRASH500,3446.756,1,0.004999999999654392,BACKFILL_AUTO
2026-04-05 08:44:24,1775378664,CRASH500,3446.757,1,0.0010000000002037268,BACKFILL_AUTO
2026-04-05 08:44:25,1775378665,CRASH500,3446.768,1,0.010999999999967258,BACKFILL_AUTO
2026-04-05 08:44:26,1775378666,CRASH500,3446.775,1,0.007000000000061846,BACKFILL_AUTO
2026-04-05 08:44:27,1775378667,CRASH500,3446.781,1,0.005999999999858119,BACKFILL_AUTO
2026-04-05 08:44:28,1775378668,CRASH500,3446.787,1,0.005999999999858119,BACKFILL_AUTO
2026-04-05 08:44:29,1775378669,CRASH500,3446.797,1,0.010000000000218279,BACKFILL_AUTO
2026-04-05 08:44:30,1775378670,CRASH500,3446.8,1,0.003000000000156433,BACKFILL_AUTO
2026-04-05 08:44:31,1775378671,CRASH500,3446.806,1,0.005999999999858119,BACKFILL_AUTO
2026-04-05 08:44:32,1775378672,CRASH500,3446.806,0,0.0,BACKFILL_AUTO
2026-04-05 08:44:33,1775378673,CRASH500,3446.807,1,0.0009999999997489795,BACKFILL_AUTO
2026-04-05 08:44:34,1775378674,CRASH500,3446.81,1,0.003000000000156433,BACKFILL_AUTO
2026-04-05 08:44:35,1775378675,CRASH500,3446.815,1,0.005000000000109139,BACKFILL_AUTO
2026-04-05 08:44:36,1775378676,CRASH500,3446.823,1,0.007999999999810825,BACKFILL_AUTO
2026-04-05 08:44:37,1775378677,CRASH500,3446.823,0,0.0,BACKFILL_AUTO
2026-04-05 08:44:38,1775378678,CRASH500,3446.832,1,0.009000000000014552,BACKFILL_AUTO
2026-04-05 08:44:39,1775378679,CRASH500,3446.838,1,0.006000000000312866,BACKFILL_AUTO
2026-04-05 08:44:40,1775378680,CRASH500,3446.844,1,0.005999999999858119,BACKFILL_AUTO
2026-04-05 08:44:41,1775378681,CRASH500,3446.853,1,0.009000000000014552,BACKFILL_AUTO
2026-04-05 08:44:42,1775378682,CRASH500,3446.861,1,0.007999999999810825,BACKFILL_AUTO
2026-04-05 08:44:43,1775378683,CRASH500,3446.861,0,0.0,BACKFILL_AUTO
2026-04-05 08:44:44,1775378684,CRASH500,3446.863,1,0.0019999999999527063,BACKFILL_AUTO
2026-04-05 08:44:45,1775378685,CRASH500,3446.866,1,0.003000000000156433,BACKFILL_AUTO
2026-04-05 08:44:46,1775378686,CRASH500,3446.871,1,0.005000000000109139,BACKFILL_AUTO
2026-04-05 08:44:47,1775378687,CRASH500,3446.882,1,0.010999999999967258,BACKFILL_AUTO
2026-04-05 08:44:48,1775378688,CRASH500,3446.885,1,0.003000000000156433,BACKFILL_AUTO
2026-04-05 08:44:49,1775378689,CRASH500,3446.898,1,0.012999999999919964,BACKFILL_AUTO
2026-04-05 08:44:50,1775378690,CRASH500,3446.912,1,0.013999999999668944,BACKFILL_AUTO
2026-04-05 08:44:51,1775378691,CRASH500,3446.924,1,0.012000000000170985,BACKFILL_AUTO
2026-04-05 08:44:52,1775378692,CRASH500,3446.928,1,0.0039999999999054126,BACKFILL_AUTO
2026-04-05 08:44:53,1775378693,CRASH500,3446.937,1,0.009000000000014552,BACKFILL_AUTO
2026-04-05 08:44:54,1775378694,CRASH500,3446.943,1,0.006000000000312866,BACKFILL_AUTO
2026-04-05 08:44:55,1775378695,CRASH500,3446.943,0,0.0,BACKFILL_AUTO
2026-04-05 08:44:56,1775378696,CRASH500,3446.95,1,0.006999999999607098,BACKFILL_AUTO
2026-04-05 08:44:57,1775378697,CRASH500,3446.961,1,0.010999999999967258,BACKFILL_AUTO
2026-04-05 08:44:58,1775378698,CRASH500,3446.975,1,0.014000000000123691,BACKFILL_AUTO
2026-04-05 08:44:59,1775378699,CRASH500,3446.985,1,0.010000000000218279,BACKFILL_AUTO
2026-04-05 08:45:00,1775378700,CRASH500,3446.991,1,0.005999999999858119,BACKFILL_AUTO
2026-04-05 08:45:01,1775378701,CRASH500,3446.999,1,0.007999999999810825,BACKFILL_AUTO
2026-04-05 08:45:02,1775378702,CRASH500,3447.02,1,0.021000000000185537,BACKFILL_AUTO
2026-04-05 08:45:03,1775378703,CRASH500,3447.028,1,0.007999999999810825,BACKFILL_AUTO
2026-04-05 08:45:04,1775378704,CRASH500,3447.033,1,0.005000000000109139,BACKFILL_AUTO
2026-04-05 08:45:05,1775378705,CRASH500,3447.033,0,0.0,BACKFILL_AUTO
2026-04-05 08:45:06,1775378706,CRASH500,3447.039,1,0.006000000000312866,BACKFILL_AUTO
2026-04-05 08:45:07,1775378707,CRASH500,3447.046,1,0.006999999999607098,BACKFILL_AUTO
2026-04-05 08:45:08,1775378708,CRASH500,3447.046,0,0.0,BACKFILL_AUTO
2026-04-05 08:45:09,1775378709,CRASH500,3447.065,1,0.01900000000023283,BACKFILL_AUTO
2026-04-05 08:45:10,1775378710,CRASH500,3447.068,1,0.003000000000156433,BACKFILL_AUTO
2026-04-05 08:45:11,1775378711,CRASH500,3447.074,1,0.005999999999858119,BACKFILL_AUTO
2026-04-05 08:45:12,1775378712,CRASH500,3447.079,1,0.005000000000109139,BACKFILL_AUTO
2026-04-05 08:45:13,1775378713,CRASH500,3447.087,1,0.007999999999810825,BACKFILL_AUTO
2026-04-05 08:45:14,1775378714,CRASH500,3447.088,1,0.0010000000002037268,BACKFILL_AUTO
2026-04-05 08:45:15,1775378715,CRASH500,3447.103,1,0.01499999999987267,BACKFILL_AUTO
2026-04-05 08:45:16,1775378716,CRASH500,3447.117,1,0.014000000000123691,BACKFILL_AUTO
2026-04-05 08:45:17,1775378717,CRASH500,3447.123,1,0.005999999999858119,BACKFILL_AUTO
2026-04-05 08:45:18,1775378718,CRASH500,3447.126,1,0.003000000000156433,BACKFILL_AUTO
2026-04-05 08:45:19,1775378719,CRASH500,3447.126,0,0.0,BACKFILL_AUTO
2026-04-05 08:45:20,1775378720,CRASH500,3447.129,1,0.0029999999997016857,BACKFILL_AUTO
2026-04-05 08:45:21,1775378721,CRASH500,3447.132,1,0.003000000000156433,BACKFILL_AUTO
2026-04-05 08:45:22,1775378722,CRASH500,3447.14,1,0.007999999999810825,BACKFILL_AUTO
2026-04-05 08:45:23,1775378723,CRASH500,3447.149,1,0.009000000000014552,BACKFILL_AUTO
2026-04-05 08:45:24,1775378724,CRASH500,3447.149,0,0.0,BACKFILL_AUTO
2026-04-05 08:45:25,1775378725,CRASH500,3447.149,0,0.0,BACKFILL_AUTO
2026-04-05 08:45:26,1775378726,CRASH500,3447.152,1,0.003000000000156433,BACKFILL_AUTO
2026-04-05 08:45:27,1775378727,CRASH500,3447.167,1,0.01499999999987267,BACKFILL_AUTO
2026-04-05 08:45:28,1775378728,CRASH500,3447.171,1,0.0039999999999054126,BACKFILL_AUTO
2026-04-05 08:45:29,1775378729,CRASH500,3447.175,1,0.00400000000036016,BACKFILL_AUTO
2026-04-05 08:45:30,1775378730,CRASH500,3447.187,1,0.011999999999716238,BACKFILL_AUTO
2026-04-05 08:45:31,1775378731,CRASH500,3447.191,1,0.0039999999999054126,BACKFILL_AUTO
2026-04-05 08:45:32,1775378732,CRASH500,3447.195,1,0.00400000000036016,BACKFILL_AUTO
2026-04-05 08:45:33,1775378733,CRASH500,3447.201,1,0.005999999999858119,BACKFILL_AUTO
2026-04-05 08:45:34,1775378734,CRASH500,3447.203,1,0.0019999999999527063,BACKFILL_AUTO
2026-04-05 08:45:35,1775378735,CRASH500,3447.215,1,0.012000000000170985,BACKFILL_AUTO
2026-04-05 08:45:36,1775378736,CRASH500,3447.216,1,0.0009999999997489795,BACKFILL_AUTO
2026-04-05 08:45:37,1775378737,CRASH500,3447.224,1,0.008000000000265572,BACKFILL_AUTO
2026-04-05 08:45:38,1775378738,CRASH500,3447.231,1,0.007000000000061846,BACKFILL_AUTO
2026-04-05 08:45:39,1775378739,CRASH500,3447.238,1,0.006999999999607098,BACKFILL_AUTO
2026-04-05 08:45:40,1775378740,CRASH500,3447.24,1,0.0019999999999527063,BACKFILL_AUTO
2026-04-05 08:45:41,1775378741,CRASH500,3447.24,0,0.0,BACKFILL_AUTO
2026-04-05 08:45:42,1775378742,CRASH500,3447.245,1,0.005000000000109139,BACKFILL_AUTO
2026-04-05 08:45:43,1775378743,CRASH500,3447.254,1,0.009000000000014552,BACKFILL_AUTO
2026-04-05 08:45:44,1775378744,CRASH500,3447.267,1,0.012999999999919964,BACKFILL_AUTO
2026-04-05 08:45:45,1775378745,CRASH500,3447.268,1,0.0010000000002037268,BACKFILL_AUTO
2026-04-05 08:45:46,1775378746,CRASH500,3447.271,1,0.003000000000156433,BACKFILL_AUTO
2026-04-05 08:45:47,1775378747,CRASH500,3447.283,1,0.011999999999716238,BACKFILL_AUTO
2026-04-05 08:45:48,1775378748,CRASH500,3447.286,1,0.003000000000156433,BACKFILL_AUTO
2026-04-05 08:45:49,1775378749,CRASH500,3447.291,1,0.005000000000109139,BACKFILL_AUTO
2026-04-05 08:45:50,1775378750,CRASH500,3447.296,1,0.004999999999654392,BACKFILL_AUTO
2026-04-05 08:45:51,1775378751,CRASH500,3447.305,1,0.009000000000014552,BACKFILL_AUTO
2026-04-05 08:45:52,1775378752,CRASH500,3447.305,0,0.0,BACKFILL_AUTO
2026-04-05 08:45:53,1775378753,CRASH500,3447.311,1,0.006000000000312866,BACKFILL_AUTO
2026-04-05 08:45:54,1775378754,CRASH500,3447.311,0,0.0,BACKFILL_AUTO
2026-04-05 08:45:55,1775378755,CRASH500,3447.313,1,0.0019999999999527063,BACKFILL_AUTO
2026-04-05 08:45:56,1775378756,CRASH500,3447.322,1,0.009000000000014552,BACKFILL_AUTO
2026-04-05 08:45:57,1775378757,CRASH500,3447.334,1,0.011999999999716238,BACKFILL_AUTO
2026-04-05 08:45:58,1775378758,CRASH500,3447.335,1,0.0010000000002037268,BACKFILL_AUTO
2026-04-05 08:45:59,1775378759,CRASH500,3447.348,1,0.012999999999919964,BACKFILL_AUTO
2026-04-05 08:46:00,1775378760,CRASH500,3447.357,1,0.009000000000014552,BACKFILL_AUTO
2026-04-05 08:46:01,1775378761,CRASH500,3447.364,1,0.007000000000061846,BACKFILL_AUTO
2026-04-05 08:46:02,1775378762,CRASH500,3447.378,1,0.014000000000123691,BACKFILL_AUTO
2026-04-05 08:46:03,1775378763,CRASH500,3447.386,1,0.007999999999810825,BACKFILL_AUTO
2026-04-05 08:46:04,1775378764,CRASH500,3447.403,1,0.016999999999825377,BACKFILL_AUTO
2026-04-05 08:46:05,1775378765,CRASH500,3447.415,1,0.012000000000170985,BACKFILL_AUTO
2026-04-05 08:46:06,1775378766,CRASH500,3447.427,1,0.012000000000170985,BACKFILL_AUTO
2026-04-05 08:46:07,1775378767,CRASH500,3447.44,1,0.012999999999919964,BACKFILL_AUTO
2026-04-05 08:46:08,1775378768,CRASH500,3447.445,1,0.005000000000109139,BACKFILL_AUTO
2026-04-05 08:46:09,1775378769,CRASH500,3447.459,1,0.013999999999668944,BACKFILL_AUTO
2026-04-05 08:46:10,1775378770,CRASH500,3447.472,1,0.013000000000374712,BACKFILL_AUTO
2026-04-05 08:46:11,1775378771,CRASH500,3447.474,1,0.0019999999999527063,BACKFILL_AUTO
2026-04-05 08:46:12,1775378772,CRASH500,3447.478,1,0.0039999999999054126,BACKFILL_AUTO
2026-04-05 08:46:13,1775378773,CRASH500,3447.478,0,0.0,BACKFILL_AUTO
2026-04-05 08:46:14,1775378774,CRASH500,3447.482,1,0.0039999999999054126,BACKFILL_AUTO
2026-04-05 08:46:15,1775378775,CRASH500,3447.498,1,0.016000000000076398,BACKFILL_AUTO
2026-04-05 08:46:16,1775378776,CRASH500,3447.504,1,0.005999999999858119,BACKFILL_AUTO
2026-04-05 08:46:17,1775378777,CRASH500,3447.511,1,0.007000000000061846,BACKFILL_AUTO
2026-04-05 08:46:18,1775378778,CRASH500,3447.514,1,0.003000000000156433,BACKFILL_AUTO
2026-04-05 08:46:19,1775378779,CRASH500,3447.524,1,0.009999999999763531,BACKFILL_AUTO
2026-04-05 08:46:20,1775378780,CRASH500,3447.529,1,0.005000000000109139,BACKFILL_AUTO
2026-04-05 08:46:21,1775378781,CRASH500,3447.534,1,0.005000000000109139,BACKFILL_AUTO
2026-04-05 08:46:22,1775378782,CRASH500,3447.534,0,0.0,BACKFILL_AUTO
2026-04-05 08:46:23,1775378783,CRASH500,3447.546,1,0.011999999999716238,BACKFILL_AUTO
2026-04-05 08:46:24,1775378784,CRASH500,3447.554,1,0.008000000000265572,BACKFILL_AUTO
2026-04-05 08:46:25,1775378785,CRASH500,3447.561,1,0.007000000000061846,BACKFILL_AUTO
2026-04-05 08:46:26,1775378786,CRASH500,3446.941,-1,0.6200000000003456,BACKFILL_AUTO
2026-04-05 08:46:27,1775378787,CRASH500,3446.948,1,0.007000000000061846,BACKFILL_AUTO
2026-04-05 08:46:28,1775378788,CRASH500,3446.956,1,0.008000000000265572,BACKFILL_AUTO
2026-04-05 08:46:29,1775378789,CRASH500,3446.967,1,0.010999999999967258,BACKFILL_AUTO
2026-04-05 08:46:30,1775378790,CRASH500,3446.974,1,0.007000000000061846,BACKFILL_AUTO
2026-04-05 08:46:31,1775378791,CRASH500,3446.975,1,0.0009999999997489795,BACKFILL_AUTO
2026-04-05 08:46:32,1775378792,CRASH500,3446.977,1,0.0019999999999527063,BACKFILL_AUTO
2026-04-05 08:46:33,1775378793,CRASH500,3446.992,1,0.015000000000327418,BACKFILL_AUTO
2026-04-05 08:46:34,1775378794,CRASH500,3446.998,1,0.005999999999858119,BACKFILL_AUTO
2026-04-05 08:46:35,1775378795,CRASH500,3447.001,1,0.003000000000156433,BACKFILL_AUTO
2026-04-05 08:46:36,1775378796,CRASH500,3447.002,1,0.0009999999997489795,BACKFILL_AUTO
2026-04-05 08:46:37,1775378797,CRASH500,3447.009,1,0.007000000000061846,BACKFILL_AUTO
2026-04-05 08:46:38,1775378798,CRASH500,3447.01,1,0.0010000000002037268,BACKFILL_AUTO
2026-04-05 08:46:39,1775378799,CRASH500,3447.015,1,0.004999999999654392,BACKFILL_AUTO
2026-04-05 08:46:40,1775378800,CRASH500,3447.02,1,0.005000000000109139,BACKFILL_AUTO
2026-04-05 08:46:41,1775378801,CRASH500,3447.02,0,0.0,BACKFILL_AUTO
2026-04-05 08:46:42,1775378802,CRASH500,3447.025,1,0.005000000000109139,BACKFILL_AUTO
2026-04-05 08:46:43,1775378803,CRASH500,3447.032,1,0.007000000000061846,BACKFILL_AUTO
2026-04-05 08:46:44,1775378804,CRASH500,3447.032,0,0.0,BACKFILL_AUTO
2026-04-05 08:46:45,1775378805,CRASH500,3447.033,1,0.0009999999997489795,BACKFILL_AUTO
2026-04-05 08:46:46,1775378806,CRASH500,3447.035,1,0.0019999999999527063,BACKFILL_AUTO
2026-04-05 08:46:47,1775378807,CRASH500,3447.038,1,0.003000000000156433,BACKFILL_AUTO
2026-04-05 08:46:48,1775378808,CRASH500,3447.039,1,0.0010000000002037268,BACKFILL_AUTO
2026-04-05 08:46:49,1775378809,CRASH500,3447.04,1,0.0009999999997489795,BACKFILL_AUTO
2026-04-05 08:46:50,1775378810,CRASH500,3447.044,1,0.0039999999999054126,BACKFILL_AUTO
2026-04-05 08:46:51,1775378811,CRASH500,3447.047,1,0.003000000000156433,BACKFILL_AUTO
2026-04-05 08:46:52,1775378812,CRASH500,3447.064,1,0.016999999999825377,BACKFILL_AUTO
2026-04-05 08:46:53,1775378813,CRASH500,3447.066,1,0.0019999999999527063,BACKFILL_AUTO
2026-04-05 08:46:54,1775378814,CRASH500,3447.073,1,0.007000000000061846,BACKFILL_AUTO
2026-04-05 08:46:55,1775378815,CRASH500,3447.074,1,0.0010000000002037268,BACKFILL_AUTO
2026-04-05 08:46:56,1775378816,CRASH500,3447.075,1,0.0009999999997489795,BACKFILL_AUTO
2026-04-05 08:46:57,1775378817,CRASH500,3447.076,1,0.0010000000002037268,BACKFILL_AUTO
2026-04-05 08:46:58,1775378818,CRASH500,3447.089,1,0.012999999999919964,BACKFILL_AUTO
2026-04-05 08:46:59,1775378819,CRASH500,3447.09,1,0.0010000000002037268,BACKFILL_AUTO
2026-04-05 08:47:00,1775378820,CRASH500,3447.106,1,0.016000000000076398,BACKFILL_AUTO
2026-04-05 08:47:01,1775378821,CRASH500,3447.107,1,0.0009999999997489795,BACKFILL_AUTO
2026-04-05 08:47:02,1775378822,CRASH500,3447.111,1,0.0039999999999054126,BACKFILL_AUTO
2026-04-05 08:47:03,1775378823,CRASH500,3447.115,1,0.0039999999999054126,BACKFILL_AUTO
2026-04-05 08:47:04,1775378824,CRASH500,3447.116,1,0.0010000000002037268,BACKFILL_AUTO
2026-04-05 08:47:05,1775378825,CRASH500,3447.116,0,0.0,BACKFILL_AUTO
2026-04-05 08:47:06,1775378826,CRASH500,3447.12,1,0.0039999999999054126,BACKFILL_AUTO
2026-04-05 08:47:07,1775378827,CRASH500,3447.124,1,0.0039999999999054126,BACKFILL_AUTO
2026-04-05 08:47:08,1775378828,CRASH500,3447.131,1,0.007000000000061846,BACKFILL_AUTO
2026-04-05 08:47:09,1775378829,CRASH500,3447.144,1,0.012999999999919964,BACKFILL_AUTO
2026-04-05 08:47:10,1775378830,CRASH500,3447.145,1,0.0010000000002037268,BACKFILL_AUTO
2026-04-05 08:47:11,1775378831,CRASH500,3447.146,1,0.0010000000002037268,BACKFILL_AUTO
2026-04-05 08:47:12,1775378832,CRASH500,3447.16,1,0.013999999999668944,BACKFILL_AUTO
2026-04-05 08:47:13,1775378833,CRASH500,3447.164,1,0.00400000000036016,BACKFILL_AUTO
2026-04-05 08:47:14,1775378834,CRASH500,3447.165,1,0.0009999999997489795,BACKFILL_AUTO
2026-04-05 08:47:15,1775378835,CRASH500,3447.171,1,0.005999999999858119,BACKFILL_AUTO
2026-04-05 08:47:16,1775378836,CRASH500,3447.177,1,0.006000000000312866,BACKFILL_AUTO
2026-04-05 08:47:17,1775378837,CRASH500,3447.18,1,0.0029999999997016857,BACKFILL_AUTO
2026-04-05 08:47:18,1775378838,CRASH500,3447.187,1,0.007000000000061846,BACKFILL_AUTO
2026-04-05 08:47:19,1775378839,CRASH500,3447.188,1,0.0010000000002037268,BACKFILL_AUTO
2026-04-05 08:47:20,1775378840,CRASH500,3447.19,1,0.0019999999999527063,BACKFILL_AUTO
2026-04-05 08:47:21,1775378841,CRASH500,3447.198,1,0.007999999999810825,BACKFILL_AUTO
2026-04-05 08:47:22,1775378842,CRASH500,3447.204,1,0.006000000000312866,BACKFILL_AUTO
2026-04-05 08:47:23,1775378843,CRASH500,3447.214,1,0.009999999999763531,BACKFILL_AUTO
2026-04-05 08:47:24,1775378844,CRASH500,3447.22,1,0.005999999999858119,BACKFILL_AUTO
2026-04-05 08:47:25,1775378845,CRASH500,3447.226,1,0.006000000000312866,BACKFILL_AUTO
2026-04-05 08:47:26,1775378846,CRASH500,3447.231,1,0.005000000000109139,BACKFILL_AUTO
2026-04-05 08:47:27,1775378847,CRASH500,3447.24,1,0.008999999999559805,BACKFILL_AUTO
2026-04-05 08:47:28,1775378848,CRASH500,3447.251,1,0.011000000000422006,BACKFILL_AUTO
2026-04-05 08:47:29,1775378849,CRASH500,3447.259,1,0.007999999999810825,BACKFILL_AUTO
2026-04-05 08:47:30,1775378850,CRASH500,3447.262,1,0.003000000000156433,BACKFILL_AUTO
2026-04-05 08:47:31,1775378851,CRASH500,3447.264,1,0.0019999999999527063,BACKFILL_AUTO
2026-04-05 08:47:32,1775378852,CRASH500,3447.268,1,0.0039999999999054126,BACKFILL_AUTO
2026-04-05 08:47:33,1775378853,CRASH500,3447.28,1,0.012000000000170985,BACKFILL_AUTO
2026-04-05 08:47:34,1775378854,CRASH500,3447.28,0,0.0,BACKFILL_AUTO
2026-04-05 08:47:35,1775378855,CRASH500,3447.28,0,0.0,BACKFILL_AUTO
2026-04-05 08:47:36,1775378856,CRASH500,3447.292,1,0.011999999999716238,BACKFILL_AUTO
2026-04-05 08:47:37,1775378857,CRASH500,3447.313,1,0.021000000000185537,BACKFILL_AUTO
2026-04-05 08:47:38,1775378858,CRASH500,3447.318,1,0.005000000000109139,BACKFILL_AUTO
2026-04-05 08:47:39,1775378859,CRASH500,3447.323,1,0.004999999999654392,BACKFILL_AUTO
2026-04-05 08:47:40,1775378860,CRASH500,3447.325,1,0.0019999999999527063,BACKFILL_AUTO
2026-04-05 08:47:41,1775378861,CRASH500,3447.326,1,0.0010000000002037268,BACKFILL_AUTO
2026-04-05 08:47:42,1775378862,CRASH500,3447.336,1,0.009999999999763531,BACKFILL_AUTO
2026-04-05 08:47:43,1775378863,CRASH500,3447.338,1,0.0020000000004074536,BACKFILL_AUTO
2026-04-05 08:47:44,1775378864,CRASH500,3447.339,1,0.0009999999997489795,BACKFILL_AUTO
2026-04-05 08:47:45,1775378865,CRASH500,3447.341,1,0.0019999999999527063,BACKFILL_AUTO
2026-04-05 08:47:46,1775378866,CRASH500,3447.346,1,0.005000000000109139,BACKFILL_AUTO
2026-04-05 08:47:47,1775378867,CRASH500,3447.352,1,0.005999999999858119,BACKFILL_AUTO
2026-04-05 08:47:48,1775378868,CRASH500,3447.365,1,0.012999999999919964,BACKFILL_AUTO
2026-04-05 08:47:49,1775378869,CRASH500,3447.374,1,0.009000000000014552,BACKFILL_AUTO
2026-04-05 08:47:50,1775378870,CRASH500,3447.379,1,0.005000000000109139,BACKFILL_AUTO
2026-04-05 08:47:51,1775378871,CRASH500,3447.385,1,0.006000000000312866,BACKFILL_AUTO
2026-04-05 08:47:52,1775378872,CRASH500,3447.39,1,0.004999999999654392,BACKFILL_AUTO
2026-04-05 08:47:53,1775378873,CRASH500,3447.404,1,0.014000000000123691,BACKFILL_AUTO
2026-04-05 08:47:54,1775378874,CRASH500,3447.414,1,0.010000000000218279,BACKFILL_AUTO
2026-04-05 08:47:55,1775378875,CRASH500,3447.418,1,0.0039999999999054126,BACKFILL_AUTO
2026-04-05 08:47:56,1775378876,CRASH500,3447.424,1,0.005999999999858119,BACKFILL_AUTO
2026-04-05 08:47:57,1775378877,CRASH500,3447.434,1,0.010000000000218279,BACKFILL_AUTO
2026-04-05 08:47:58,1775378878,CRASH500,3447.438,1,0.0039999999999054126,BACKFILL_AUTO
2026-04-05 08:47:59,1775378879,CRASH500,3447.451,1,0.012999999999919964,BACKFILL_AUTO
2026-04-05 08:48:00,1775378880,CRASH500,3447.457,1,0.005999999999858119,BACKFILL_AUTO
2026-04-05 08:48:01,1775378881,CRASH500,3447.463,1,0.006000000000312866,BACKFILL_AUTO
2026-04-05 08:48:02,1775378882,CRASH500,3447.475,1,0.011999999999716238,BACKFILL_AUTO
2026-04-05 08:48:03,1775378883,CRASH500,3447.485,1,0.010000000000218279,BACKFILL_AUTO
2026-04-05 08:48:04,1775378884,CRASH500,3447.491,1,0.005999999999858119,BACKFILL_AUTO
2026-04-05 08:48:05,1775378885,CRASH500,3447.498,1,0.007000000000061846,BACKFILL_AUTO
2026-04-05 08:48:06,1775378886,CRASH500,3447.509,1,0.010999999999967258,BACKFILL_AUTO
2026-04-05 08:48:07,1775378887,CRASH500,3447.514,1,0.005000000000109139,BACKFILL_AUTO
2026-04-05 08:48:08,1775378888,CRASH500,3447.516,1,0.0019999999999527063,BACKFILL_AUTO
2026-04-05 08:48:09,1775378889,CRASH500,3447.533,1,0.016999999999825377,BACKFILL_AUTO
2026-04-05 08:48:10,1775378890,CRASH500,3447.55,1,0.017000000000280124,BACKFILL_AUTO
2026-04-05 08:48:11,1775378891,CRASH500,3447.557,1,0.006999999999607098,BACKFILL_AUTO
2026-04-05 08:48:12,1775378892,CRASH500,3447.562,1,0.005000000000109139,BACKFILL_AUTO
2026-04-05 08:48:13,1775378893,CRASH500,3447.565,1,0.003000000000156433,BACKFILL_AUTO
2026-04-05 08:48:14,1775378894,CRASH500,3447.57,1,0.005000000000109139,BACKFILL_AUTO
2026-04-05 08:48:15,1775378895,CRASH500,3447.584,1,0.013999999999668944,BACKFILL_AUTO
2026-04-05 08:48:16,1775378896,CRASH500,3447.591,1,0.007000000000061846,BACKFILL_AUTO
2026-04-05 08:48:17,1775378897,CRASH500,3447.596,1,0.005000000000109139,BACKFILL_AUTO
2026-04-05 08:48:18,1775378898,CRASH500,3447.603,1,0.007000000000061846,BACKFILL_AUTO
2026-04-05 08:48:19,1775378899,CRASH500,3447.61,1,0.007000000000061846,BACKFILL_AUTO
2026-04-05 08:48:20,1775378900,CRASH500,3447.619,1,0.009000000000014552,BACKFILL_AUTO
2026-04-05 08:48:21,1775378901,CRASH500,3447.622,1,0.0029999999997016857,BACKFILL_AUTO
2026-04-05 08:48:22,1775378902,CRASH500,3447.627,1,0.005000000000109139,BACKFILL_AUTO
2026-04-05 08:48:23,1775378903,CRASH500,3447.639,1,0.012000000000170985,BACKFILL_AUTO
2026-04-05 08:48:24,1775378904,CRASH500,3447.642,1,0.0029999999997016857,BACKFILL_AUTO
2026-04-05 08:48:25,1775378905,CRASH500,3447.65,1,0.008000000000265572,BACKFILL_AUTO
2026-04-05 08:48:26,1775378906,CRASH500,3447.654,1,0.0039999999999054126,BACKFILL_AUTO
2026-04-05 08:48:27,1775378907,CRASH500,3447.658,1,0.0039999999999054126,BACKFILL_AUTO
2026-04-05 08:48:28,1775378908,CRASH500,3447.668,1,0.010000000000218279,BACKFILL_AUTO
2026-04-05 08:48:29,1775378909,CRASH500,3447.672,1,0.0039999999999054126,BACKFILL_AUTO
2026-04-05 08:48:30,1775378910,CRASH500,3447.682,1,0.009999999999763531,BACKFILL_AUTO
2026-04-05 08:48:31,1775378911,CRASH500,3447.7,1,0.018000000000029104,BACKFILL_AUTO
2026-04-05 08:48:32,1775378912,CRASH500,3447.706,1,0.006000000000312866,BACKFILL_AUTO
2026-04-05 08:48:33,1775378913,CRASH500,3447.713,1,0.007000000000061846,BACKFILL_AUTO
2026-04-05 08:48:34,1775378914,CRASH500,3447.713,0,0.0,BACKFILL_AUTO
2026-04-05 08:48:35,1775378915,CRASH500,3447.715,1,0.0019999999999527063,BACKFILL_AUTO
2026-04-05 08:48:36,1775378916,CRASH500,3447.724,1,0.009000000000014552,BACKFILL_AUTO
2026-04-05 08:48:37,1775378917,CRASH500,3447.724,0,0.0,BACKFILL_AUTO
2026-04-05 08:48:38,1775378918,CRASH500,3447.725,1,0.0009999999997489795,BACKFILL_AUTO
2026-04-05 08:48:39,1775378919,CRASH500,3447.727,1,0.0019999999999527063,BACKFILL_AUTO
2026-04-05 08:48:40,1775378920,CRASH500,3447.729,1,0.0019999999999527063,BACKFILL_AUTO
2026-04-05 08:48:41,1775378921,CRASH500,3447.743,1,0.014000000000123691,BACKFILL_AUTO
2026-04-05 08:48:42,1775378922,CRASH500,3447.752,1,0.009000000000014552,BACKFILL_AUTO
2026-04-05 08:48:43,1775378923,CRASH500,3447.752,0,0.0,BACKFILL_AUTO
2026-04-05 08:48:44,1775378924,CRASH500,3447.761,1,0.009000000000014552,BACKFILL_AUTO
2026-04-05 08:48:45,1775378925,CRASH500,3447.782,1,0.021000000000185537,BACKFILL_AUTO
2026-04-05 08:48:46,1775378926,CRASH500,3447.784,1,0.0019999999999527063,BACKFILL_AUTO
2026-04-05 08:48:47,1775378927,CRASH500,3447.794,1,0.009999999999763531,BACKFILL_AUTO
2026-04-05 08:48:48,1775378928,CRASH500,3447.799,1,0.005000000000109139,BACKFILL_AUTO
2026-04-05 08:48:49,1775378929,CRASH500,3447.8,1,0.0010000000002037268,BACKFILL_AUTO
2026-04-05 08:48:50,1775378930,CRASH500,3447.811,1,0.010999999999967258,BACKFILL_AUTO
2026-04-05 08:48:51,1775378931,CRASH500,3447.82,1,0.009000000000014552,BACKFILL_AUTO
2026-04-05 08:48:52,1775378932,CRASH500,3447.829,1,0.009000000000014552,BACKFILL_AUTO
2026-04-05 08:48:53,1775378933,CRASH500,3447.83,1,0.0009999999997489795,BACKFILL_AUTO
2026-04-05 08:48:54,1775378934,CRASH500,3447.844,1,0.014000000000123691,BACKFILL_AUTO
2026-04-05 08:48:55,1775378935,CRASH500,3447.858,1,0.014000000000123691,BACKFILL_AUTO
2026-04-05 08:48:56,1775378936,CRASH500,3447.86,1,0.0019999999999527063,BACKFILL_AUTO
2026-04-05 08:48:57,1775378937,CRASH500,3447.868,1,0.007999999999810825,BACKFILL_AUTO
2026-04-05 08:48:58,1775378938,CRASH500,3447.872,1,0.0039999999999054126,BACKFILL_AUTO
2026-04-05 08:48:59,1775378939,CRASH500,3447.885,1,0.013000000000374712,BACKFILL_AUTO
2026-04-05 08:49:00,1775378940,CRASH500,3447.894,1,0.008999999999559805,BACKFILL_AUTO
2026-04-05 08:49:01,1775378941,CRASH500,3447.9,1,0.006000000000312866,BACKFILL_AUTO
2026-04-05 08:49:02,1775378942,CRASH500,3447.914,1,0.014000000000123691,BACKFILL_AUTO
2026-04-05 08:49:03,1775378943,CRASH500,3447.917,1,0.0029999999997016857,BACKFILL_AUTO
2026-04-05 08:49:04,1775378944,CRASH500,3447.919,1,0.0019999999999527063,BACKFILL_AUTO
2026-04-05 08:49:05,1775378945,CRASH500,3447.92,1,0.0010000000002037268,BACKFILL_AUTO
2026-04-05 08:49:06,1775378946,CRASH500,3447.93,1,0.009999999999763531,BACKFILL_AUTO
2026-04-05 08:49:07,1775378947,CRASH500,3447.933,1,0.003000000000156433,BACKFILL_AUTO
2026-04-05 08:49:08,1775378948,CRASH500,3447.937,1,0.0039999999999054126,BACKFILL_AUTO
2026-04-05 08:49:09,1775378949,CRASH500,3447.946,1,0.009000000000014552,BACKFILL_AUTO
2026-04-05 08:49:10,1775378950,CRASH500,3447.956,1,0.010000000000218279,BACKFILL_AUTO
2026-04-05 08:49:11,1775378951,CRASH500,3447.959,1,0.0029999999997016857,BACKFILL_AUTO
2026-04-05 08:49:12,1775378952,CRASH500,3447.961,1,0.0019999999999527063,BACKFILL_AUTO
2026-04-05 08:49:13,1775378953,CRASH500,3447.975,1,0.014000000000123691,BACKFILL_AUTO
2026-04-05 08:49:14,1775378954,CRASH500,3447.983,1,0.008000000000265572,BACKFILL_AUTO
2026-04-05 08:49:15,1775378955,CRASH500,3447.989,1,0.005999999999858119,BACKFILL_AUTO
2026-04-05 08:49:16,1775378956,CRASH500,3447.999,1,0.009999999999763531,BACKFILL_AUTO
2026-04-05 08:49:17,1775378957,CRASH500,3448.0,1,0.0010000000002037268,BACKFILL_AUTO
2026-04-05 08:49:18,1775378958,CRASH500,3448.009,1,0.009000000000014552,BACKFILL_AUTO
2026-04-05 08:49:19,1775378959,CRASH500,3448.021,1,0.012000000000170985,BACKFILL_AUTO
2026-04-05 08:49:20,1775378960,CRASH500,3448.023,1,0.0019999999999527063,BACKFILL_AUTO
2026-04-05 08:49:21,1775378961,CRASH500,3448.032,1,0.009000000000014552,BACKFILL_AUTO
2026-04-05 08:49:22,1775378962,CRASH500,3448.039,1,0.007000000000061846,BACKFILL_AUTO
2026-04-05 08:49:23,1775378963,CRASH500,3448.044,1,0.004999999999654392,BACKFILL_AUTO
2026-04-05 08:49:24,1775378964,CRASH500,3448.055,1,0.010999999999967258,BACKFILL_AUTO
2026-04-05 08:49:25,1775378965,CRASH500,3448.059,1,0.00400000000036016,BACKFILL_AUTO
2026-04-05 08:49:26,1775378966,CRASH500,3448.067,1,0.007999999999810825,BACKFILL_AUTO
2026-04-05 08:49:27,1775378967,CRASH500,3448.071,1,0.0039999999999054126,BACKFILL_AUTO
