timestamp,unix_time,instrument,price,direction,tick_size,session_id
2026-04-03 11:58:34,1775217514,R_100,619.51,-1,21.879999999999995,BACKFILL_AUTO
2026-04-03 11:58:36,1775217516,R_100,619.17,-1,0.34000000000003183,BACKFILL_AUTO
2026-04-03 11:58:38,1775217518,R_100,618.99,-1,0.17999999999994998,BACKFILL_AUTO
2026-04-03 11:58:40,1775217520,R_100,618.81,-1,0.18000000000006366,BACKFILL_AUTO
2026-04-03 11:58:42,1775217522,R_100,618.94,1,0.13000000000010914,BACKFILL_AUTO
2026-04-03 11:58:44,1775217524,R_100,618.93,-1,0.010000000000104592,BACKFILL_AUTO
2026-04-03 11:58:46,1775217526,R_100,618.84,-1,0.08999999999991815,BACKFILL_AUTO
2026-04-03 11:58:48,1775217528,R_100,618.75,-1,0.09000000000003183,BACKFILL_AUTO
2026-04-03 11:58:50,1775217530,R_100,618.66,-1,0.09000000000003183,BACKFILL_AUTO
2026-04-03 11:58:52,1775217532,R_100,618.39,-1,0.2699999999999818,BACKFILL_AUTO
2026-04-03 11:58:54,1775217534,R_100,618.59,1,0.20000000000004547,BACKFILL_AUTO
2026-04-03 11:58:56,1775217536,R_100,618.49,-1,0.10000000000002274,BACKFILL_AUTO
2026-04-03 11:58:58,1775217538,R_100,618.67,1,0.17999999999994998,BACKFILL_AUTO
2026-04-03 11:59:00,1775217540,R_100,618.58,-1,21.329999999999927,BACKFILL_AUTO
2026-04-03 11:59:02,1775217542,R_100,618.86,1,0.2799999999999727,BACKFILL_AUTO
2026-04-03 11:59:04,1775217544,R_100,618.83,-1,0.029999999999972715,BACKFILL_AUTO
2026-04-03 11:59:06,1775217546,R_100,618.82,-1,0.009999999999990905,BACKFILL_AUTO
2026-04-03 11:59:08,1775217548,R_100,618.9,1,0.07999999999992724,BACKFILL_AUTO
2026-04-03 11:59:10,1775217550,R_100,619.17,1,0.2699999999999818,BACKFILL_AUTO
2026-04-03 11:59:12,1775217552,R_100,619.17,0,0.0,BACKFILL_AUTO
2026-04-03 11:59:14,1775217554,R_100,619.18,1,0.009999999999990905,BACKFILL_AUTO
2026-04-03 11:59:16,1775217556,R_100,619.2,1,0.020000000000095497,BACKFILL_AUTO
2026-04-03 11:59:18,1775217558,R_100,619.28,1,0.07999999999992724,BACKFILL_AUTO
2026-04-03 11:59:20,1775217560,R_100,619.49,1,0.21000000000003638,BACKFILL_AUTO
2026-04-03 11:59:22,1775217562,R_100,619.26,-1,19.360000000000014,BACKFILL_AUTO
2026-04-03 11:59:24,1775217564,R_100,619.23,-1,0.029999999999972715,BACKFILL_AUTO
2026-04-03 11:59:26,1775217566,R_100,619.3,1,0.06999999999993634,BACKFILL_AUTO
2026-04-03 11:59:28,1775217568,R_100,619.28,-1,0.01999999999998181,BACKFILL_AUTO
2026-04-03 11:59:30,1775217570,R_100,619.37,1,0.09000000000003183,BACKFILL_AUTO
2026-04-03 11:59:32,1775217572,R_100,619.56,1,0.18999999999994088,BACKFILL_AUTO
2026-04-03 11:59:34,1775217574,R_100,619.59,1,0.030000000000086402,BACKFILL_AUTO
2026-04-03 11:59:36,1775217576,R_100,619.67,1,0.07999999999992724,BACKFILL_AUTO
2026-04-03 11:59:38,1775217578,R_100,619.92,1,0.25,BACKFILL_AUTO
2026-04-03 11:59:40,1775217580,R_100,620.07,1,0.15000000000009095,BACKFILL_AUTO
2026-04-03 11:59:42,1775217582,R_100,619.92,-1,0.15000000000009095,BACKFILL_AUTO
2026-04-03 11:59:44,1775217584,R_100,620.07,1,0.15000000000009095,BACKFILL_AUTO
2026-04-03 11:59:46,1775217586,R_100,619.94,-1,0.12999999999999545,BACKFILL_AUTO
2026-04-03 11:59:48,1775217588,R_100,619.87,-1,19.33000000000004,BACKFILL_AUTO
2026-04-03 11:59:50,1775217590,R_100,619.67,-1,0.20000000000004547,BACKFILL_AUTO
2026-04-03 11:59:52,1775217592,R_100,619.66,-1,0.009999999999990905,BACKFILL_AUTO
2026-04-03 11:59:54,1775217594,R_100,619.99,1,0.3300000000000409,BACKFILL_AUTO
2026-04-03 11:59:56,1775217596,R_100,619.99,0,0.0,BACKFILL_AUTO
2026-04-03 11:59:58,1775217598,R_100,619.9,-1,0.09000000000003183,BACKFILL_AUTO
2026-04-03 12:00:00,1775217600,R_100,619.88,-1,0.01999999999998181,BACKFILL_AUTO
2026-04-03 12:00:02,1775217602,R_100,619.82,-1,0.05999999999994543,BACKFILL_AUTO
2026-04-03 12:00:04,1775217604,R_100,619.79,-1,0.030000000000086402,BACKFILL_AUTO
2026-04-03 12:00:06,1775217606,R_100,619.72,-1,0.06999999999993634,BACKFILL_AUTO
2026-04-03 12:00:08,1775217608,R_100,619.71,-1,0.009999999999990905,BACKFILL_AUTO
2026-04-03 12:00:10,1775217610,R_100,619.7,-1,0.009999999999990905,BACKFILL_AUTO
2026-04-03 12:00:12,1775217612,R_100,619.75,1,0.049999999999954525,BACKFILL_AUTO
2026-04-03 12:00:14,1775217614,R_100,619.72,-1,0.029999999999972715,BACKFILL_AUTO
2026-04-03 12:00:16,1775217616,R_100,619.61,-1,19.470000000000027,BACKFILL_AUTO
2026-04-03 12:00:18,1775217618,R_100,619.55,-1,0.06000000000005912,BACKFILL_AUTO
2026-04-03 12:00:20,1775217620,R_100,619.72,1,0.17000000000007276,BACKFILL_AUTO
2026-04-03 12:00:22,1775217622,R_100,619.97,1,0.25,BACKFILL_AUTO
2026-04-03 12:00:24,1775217624,R_100,619.92,-1,0.05000000000006821,BACKFILL_AUTO
2026-04-03 12:00:26,1775217626,R_100,619.95,1,0.030000000000086402,BACKFILL_AUTO
2026-04-03 12:00:28,1775217628,R_100,619.97,1,0.01999999999998181,BACKFILL_AUTO
2026-04-03 12:00:30,1775217630,R_100,620.03,1,0.05999999999994543,BACKFILL_AUTO
2026-04-03 12:00:32,1775217632,R_100,619.99,-1,0.03999999999996362,BACKFILL_AUTO
2026-04-03 12:00:34,1775217634,R_100,620.07,1,0.08000000000004093,BACKFILL_AUTO
2026-04-03 12:00:36,1775217636,R_100,620.4,1,0.32999999999992724,BACKFILL_AUTO
2026-04-03 12:00:38,1775217638,R_100,620.4,0,0.0,BACKFILL_AUTO
2026-04-03 12:00:40,1775217640,R_100,620.22,-1,19.139999999999986,BACKFILL_AUTO
2026-04-03 12:00:42,1775217642,R_100,620.07,-1,0.14999999999997726,BACKFILL_AUTO
2026-04-03 12:00:44,1775217644,R_100,620.02,-1,0.05000000000006821,BACKFILL_AUTO
2026-04-03 12:00:46,1775217646,R_100,620.17,1,0.14999999999997726,BACKFILL_AUTO
2026-04-03 12:00:48,1775217648,R_100,620.18,1,0.009999999999990905,BACKFILL_AUTO
2026-04-03 12:00:50,1775217650,R_100,620.08,-1,0.09999999999990905,BACKFILL_AUTO
2026-04-03 12:00:52,1775217652,R_100,619.96,-1,0.12000000000000455,BACKFILL_AUTO
2026-04-03 12:00:54,1775217654,R_100,620.01,1,0.049999999999954525,BACKFILL_AUTO
2026-04-03 12:00:56,1775217656,R_100,620.2,1,0.19000000000005457,BACKFILL_AUTO
2026-04-03 12:00:58,1775217658,R_100,620.22,1,0.01999999999998181,BACKFILL_AUTO
2026-04-03 12:01:00,1775217660,R_100,620.08,-1,0.13999999999998636,BACKFILL_AUTO
2026-04-03 12:01:02,1775217662,R_100,619.98,-1,0.10000000000002274,BACKFILL_AUTO
2026-04-03 12:01:04,1775217664,R_100,620.19,-1,20.629999999999995,BACKFILL_AUTO
2026-04-03 12:01:06,1775217666,R_100,620.42,1,0.2299999999999045,BACKFILL_AUTO
2026-04-03 12:01:08,1775217668,R_100,620.68,1,0.2599999999999909,BACKFILL_AUTO
2026-04-03 12:01:10,1775217670,R_100,620.87,1,0.19000000000005457,BACKFILL_AUTO
2026-04-03 12:01:12,1775217672,R_100,620.95,1,0.08000000000004093,BACKFILL_AUTO
2026-04-03 12:01:14,1775217674,R_100,620.85,-1,0.10000000000002274,BACKFILL_AUTO
2026-04-03 12:01:16,1775217676,R_100,620.77,-1,0.08000000000004093,BACKFILL_AUTO
2026-04-03 12:01:18,1775217678,R_100,620.46,-1,0.30999999999994543,BACKFILL_AUTO
2026-04-03 12:01:20,1775217680,R_100,620.33,-1,0.12999999999999545,BACKFILL_AUTO
2026-04-03 12:01:22,1775217682,R_100,620.62,1,0.2899999999999636,BACKFILL_AUTO
2026-04-03 12:01:24,1775217684,R_100,620.41,-1,0.21000000000003638,BACKFILL_AUTO
2026-04-03 12:01:26,1775217686,R_100,620.54,1,0.12999999999999545,BACKFILL_AUTO
2026-04-03 12:01:28,1775217688,R_100,620.52,-1,0.01999999999998181,BACKFILL_AUTO
2026-04-03 12:01:30,1775217690,R_100,620.71,1,0.19000000000005457,BACKFILL_AUTO
2026-04-03 12:01:32,1775217692,R_100,620.47,-1,0.2400000000000091,BACKFILL_AUTO
2026-04-03 12:01:34,1775217694,R_100,620.37,-1,0.10000000000002274,BACKFILL_AUTO
2026-04-03 12:01:36,1775217696,R_100,620.67,1,0.2999999999999545,BACKFILL_AUTO
2026-04-03 12:01:38,1775217698,R_100,620.59,-1,0.07999999999992724,BACKFILL_AUTO
2026-04-03 12:01:40,1775217700,R_100,620.37,-1,0.22000000000002728,BACKFILL_AUTO
2026-04-03 12:01:42,1775217702,R_100,620.46,1,0.09000000000003183,BACKFILL_AUTO
2026-04-03 12:01:44,1775217704,R_100,620.71,1,0.25,BACKFILL_AUTO
2026-04-03 12:01:46,1775217706,R_100,620.72,1,0.009999999999990905,BACKFILL_AUTO
2026-04-03 12:01:48,1775217708,R_100,620.74,1,0.01999999999998181,BACKFILL_AUTO
2026-04-03 12:01:50,1775217710,R_100,620.85,1,0.11000000000001364,BACKFILL_AUTO
2026-04-03 12:01:52,1775217712,R_100,620.54,-1,0.3100000000000591,BACKFILL_AUTO
2026-04-03 12:01:54,1775217714,R_100,620.57,1,0.030000000000086402,BACKFILL_AUTO
2026-04-03 12:01:56,1775217716,R_100,620.64,1,0.06999999999993634,BACKFILL_AUTO
2026-04-03 12:01:58,1775217718,R_100,620.8,1,0.15999999999996817,BACKFILL_AUTO
2026-04-03 12:02:00,1775217720,R_100,620.87,1,0.07000000000005002,BACKFILL_AUTO
2026-04-03 12:02:02,1775217722,R_100,620.64,-1,0.2300000000000182,BACKFILL_AUTO
2026-04-03 12:02:04,1775217724,R_100,620.72,1,0.08000000000004093,BACKFILL_AUTO
2026-04-03 12:02:06,1775217726,R_100,620.91,1,0.18999999999994088,BACKFILL_AUTO
2026-04-03 12:02:08,1775217728,R_100,620.82,-1,0.08999999999991815,BACKFILL_AUTO
2026-04-03 12:02:10,1775217730,R_100,620.45,-1,0.37000000000000455,BACKFILL_AUTO
2026-04-03 12:02:12,1775217732,R_100,620.48,1,0.029999999999972715,BACKFILL_AUTO
2026-04-03 12:02:14,1775217734,R_100,620.7,1,0.22000000000002728,BACKFILL_AUTO
2026-04-03 12:02:16,1775217736,R_100,620.63,-1,0.07000000000005002,BACKFILL_AUTO
2026-04-03 12:02:18,1775217738,R_100,620.64,1,0.009999999999990905,BACKFILL_AUTO
2026-04-03 12:02:20,1775217740,R_100,620.84,1,0.20000000000004547,BACKFILL_AUTO
2026-04-03 12:02:22,1775217742,R_100,621.02,1,0.17999999999994998,BACKFILL_AUTO
2026-04-03 12:02:24,1775217744,R_100,620.81,-1,0.21000000000003638,BACKFILL_AUTO
2026-04-03 12:02:26,1775217746,R_100,620.71,-1,0.09999999999990905,BACKFILL_AUTO
2026-04-03 12:02:28,1775217748,R_100,620.38,-1,0.3300000000000409,BACKFILL_AUTO
2026-04-03 12:02:30,1775217750,R_100,620.59,1,0.21000000000003638,BACKFILL_AUTO
2026-04-03 12:02:32,1775217752,R_100,620.54,-1,0.05000000000006821,BACKFILL_AUTO
2026-04-03 12:02:34,1775217754,R_100,620.55,1,0.009999999999990905,BACKFILL_AUTO
2026-04-03 12:02:36,1775217756,R_100,620.54,-1,0.009999999999990905,BACKFILL_AUTO
2026-04-03 12:02:38,1775217758,R_100,620.58,1,0.04000000000007731,BACKFILL_AUTO
2026-04-03 12:02:40,1775217760,R_100,620.45,-1,0.12999999999999545,BACKFILL_AUTO
2026-04-03 12:02:42,1775217762,R_100,620.68,1,0.2299999999999045,BACKFILL_AUTO
2026-04-03 12:02:44,1775217764,R_100,620.47,-1,0.2099999999999227,BACKFILL_AUTO
2026-04-03 12:02:46,1775217766,R_100,620.61,1,0.13999999999998636,BACKFILL_AUTO
2026-04-03 12:02:48,1775217768,R_100,620.71,1,0.10000000000002274,BACKFILL_AUTO
2026-04-03 12:02:50,1775217770,R_100,620.53,-1,0.18000000000006366,BACKFILL_AUTO
2026-04-03 12:02:52,1775217772,R_100,620.57,1,0.04000000000007731,BACKFILL_AUTO
2026-04-03 12:02:54,1775217774,R_100,620.76,1,0.18999999999994088,BACKFILL_AUTO
2026-04-03 12:02:56,1775217776,R_100,620.48,-1,0.2799999999999727,BACKFILL_AUTO
2026-04-03 12:02:58,1775217778,R_100,620.39,-1,0.09000000000003183,BACKFILL_AUTO
2026-04-03 12:03:00,1775217780,R_100,620.6,1,0.21000000000003638,BACKFILL_AUTO
2026-04-03 12:03:02,1775217782,R_100,620.54,-1,0.06000000000005912,BACKFILL_AUTO
2026-04-03 12:03:04,1775217784,R_100,620.61,1,0.07000000000005002,BACKFILL_AUTO
2026-04-03 12:03:06,1775217786,R_100,620.55,-1,0.06000000000005912,BACKFILL_AUTO
2026-04-03 12:03:08,1775217788,R_100,620.51,-1,0.03999999999996362,BACKFILL_AUTO
2026-04-03 12:03:10,1775217790,R_100,620.61,1,0.10000000000002274,BACKFILL_AUTO
2026-04-03 12:03:12,1775217792,R_100,620.47,-1,0.13999999999998636,BACKFILL_AUTO
2026-04-03 12:03:14,1775217794,R_100,620.28,-1,0.19000000000005457,BACKFILL_AUTO
2026-04-03 12:03:16,1775217796,R_100,620.27,-1,0.009999999999990905,BACKFILL_AUTO
2026-04-03 12:03:18,1775217798,R_100,620.3,1,0.029999999999972715,BACKFILL_AUTO
2026-04-03 12:03:20,1775217800,R_100,620.3,0,0.0,BACKFILL_AUTO
2026-04-03 12:03:22,1775217802,R_100,620.22,-1,0.07999999999992724,BACKFILL_AUTO
2026-04-03 12:03:24,1775217804,R_100,620.36,1,0.13999999999998636,BACKFILL_AUTO
2026-04-03 12:03:26,1775217806,R_100,620.48,1,0.12000000000000455,BACKFILL_AUTO
2026-04-03 12:03:28,1775217808,R_100,620.38,-1,0.10000000000002274,BACKFILL_AUTO
2026-04-03 12:03:30,1775217810,R_100,620.3,-1,0.08000000000004093,BACKFILL_AUTO
2026-04-03 12:03:32,1775217812,R_100,620.33,1,0.030000000000086402,BACKFILL_AUTO
2026-04-03 12:03:34,1775217814,R_100,620.42,1,0.08999999999991815,BACKFILL_AUTO
2026-04-03 12:03:36,1775217816,R_100,620.29,-1,0.12999999999999545,BACKFILL_AUTO
2026-04-03 12:03:38,1775217818,R_100,620.33,1,0.04000000000007731,BACKFILL_AUTO
2026-04-03 12:03:40,1775217820,R_100,620.16,-1,0.17000000000007276,BACKFILL_AUTO
2026-04-03 12:03:42,1775217822,R_100,620.06,-1,0.10000000000002274,BACKFILL_AUTO
2026-04-03 12:03:44,1775217824,R_100,619.89,-1,0.16999999999995907,BACKFILL_AUTO
2026-04-03 12:03:46,1775217826,R_100,620.11,1,0.22000000000002728,BACKFILL_AUTO
2026-04-03 12:03:48,1775217828,R_100,619.92,-1,0.19000000000005457,BACKFILL_AUTO
2026-04-03 12:03:50,1775217830,R_100,619.74,-1,0.17999999999994998,BACKFILL_AUTO
2026-04-03 12:03:52,1775217832,R_100,619.78,1,0.03999999999996362,BACKFILL_AUTO
2026-04-03 12:03:54,1775217834,R_100,619.62,-1,0.15999999999996817,BACKFILL_AUTO
2026-04-03 12:03:56,1775217836,R_100,619.65,1,0.029999999999972715,BACKFILL_AUTO
2026-04-03 12:03:58,1775217838,R_100,619.77,1,0.12000000000000455,BACKFILL_AUTO
2026-04-03 12:04:00,1775217840,R_100,619.7,-1,0.06999999999993634,BACKFILL_AUTO
2026-04-03 12:04:02,1775217842,R_100,619.58,-1,0.12000000000000455,BACKFILL_AUTO
2026-04-03 12:04:04,1775217844,R_100,619.77,1,0.18999999999994088,BACKFILL_AUTO
2026-04-03 12:04:06,1775217846,R_100,619.96,1,0.19000000000005457,BACKFILL_AUTO
2026-04-03 12:04:08,1775217848,R_100,619.82,-1,0.13999999999998636,BACKFILL_AUTO
2026-04-03 12:04:10,1775217850,R_100,619.8,-1,0.020000000000095497,BACKFILL_AUTO
2026-04-03 12:04:12,1775217852,R_100,620.08,1,0.2800000000000864,BACKFILL_AUTO
2026-04-03 12:04:14,1775217854,R_100,620.21,1,0.12999999999999545,BACKFILL_AUTO
2026-04-03 12:04:16,1775217856,R_100,619.95,-1,0.2599999999999909,BACKFILL_AUTO
2026-04-03 12:04:18,1775217858,R_100,619.8,-1,0.15000000000009095,BACKFILL_AUTO
2026-04-03 12:04:20,1775217860,R_100,619.78,-1,0.01999999999998181,BACKFILL_AUTO
2026-04-03 12:04:22,1775217862,R_100,619.87,1,0.09000000000003183,BACKFILL_AUTO
2026-04-03 12:04:24,1775217864,R_100,619.89,1,0.01999999999998181,BACKFILL_AUTO
2026-04-03 12:04:26,1775217866,R_100,620.02,1,0.12999999999999545,BACKFILL_AUTO
2026-04-03 12:04:28,1775217868,R_100,620.3,1,0.2799999999999727,BACKFILL_AUTO
2026-04-03 12:04:30,1775217870,R_100,620.33,1,0.030000000000086402,BACKFILL_AUTO
2026-04-03 12:04:32,1775217872,R_100,620.35,1,0.01999999999998181,BACKFILL_AUTO
2026-04-03 12:04:34,1775217874,R_100,620.21,-1,0.13999999999998636,BACKFILL_AUTO
2026-04-03 12:04:36,1775217876,R_100,620.38,1,0.16999999999995907,BACKFILL_AUTO
2026-04-03 12:04:38,1775217878,R_100,620.65,1,0.2699999999999818,BACKFILL_AUTO
2026-04-03 12:04:40,1775217880,R_100,620.75,1,0.10000000000002274,BACKFILL_AUTO
2026-04-03 12:04:42,1775217882,R_100,620.94,1,0.19000000000005457,BACKFILL_AUTO
2026-04-03 12:04:44,1775217884,R_100,620.72,-1,0.22000000000002728,BACKFILL_AUTO
2026-04-03 12:04:46,1775217886,R_100,620.64,-1,0.08000000000004093,BACKFILL_AUTO
2026-04-03 12:04:48,1775217888,R_100,620.34,-1,0.2999999999999545,BACKFILL_AUTO
2026-04-03 12:04:50,1775217890,R_100,620.34,0,0.0,BACKFILL_AUTO
2026-04-03 12:04:52,1775217892,R_100,620.45,1,0.11000000000001364,BACKFILL_AUTO
2026-04-03 12:04:54,1775217894,R_100,620.78,1,0.32999999999992724,BACKFILL_AUTO
2026-04-03 12:04:56,1775217896,R_100,620.84,1,0.06000000000005912,BACKFILL_AUTO
2026-04-03 12:04:58,1775217898,R_100,620.72,-1,0.12000000000000455,BACKFILL_AUTO
2026-04-03 12:05:00,1775217900,R_100,620.65,-1,0.07000000000005002,BACKFILL_AUTO
2026-04-03 12:05:02,1775217902,R_100,620.62,-1,0.029999999999972715,BACKFILL_AUTO
2026-04-03 12:05:04,1775217904,R_100,620.62,0,0.0,BACKFILL_AUTO
2026-04-03 12:05:06,1775217906,R_100,620.71,1,0.09000000000003183,BACKFILL_AUTO
2026-04-03 12:05:08,1775217908,R_100,620.61,-1,0.10000000000002274,BACKFILL_AUTO
2026-04-03 12:05:10,1775217910,R_100,620.58,-1,0.029999999999972715,BACKFILL_AUTO
2026-04-03 12:05:12,1775217912,R_100,621.03,1,0.4499999999999318,BACKFILL_AUTO
2026-04-03 12:05:14,1775217914,R_100,620.78,-1,0.25,BACKFILL_AUTO
2026-04-03 12:05:16,1775217916,R_100,620.61,-1,0.16999999999995907,BACKFILL_AUTO
2026-04-03 12:05:18,1775217918,R_100,620.57,-1,0.03999999999996362,BACKFILL_AUTO
2026-04-03 12:05:20,1775217920,R_100,620.68,1,0.10999999999989996,BACKFILL_AUTO
2026-04-03 12:05:22,1775217922,R_100,620.82,1,0.14000000000010004,BACKFILL_AUTO
2026-04-03 12:05:24,1775217924,R_100,620.88,1,0.05999999999994543,BACKFILL_AUTO
2026-04-03 12:05:26,1775217926,R_100,620.79,-1,0.09000000000003183,BACKFILL_AUTO
2026-04-03 12:05:28,1775217928,R_100,620.87,1,0.08000000000004093,BACKFILL_AUTO
2026-04-03 12:05:30,1775217930,R_100,620.94,1,0.07000000000005002,BACKFILL_AUTO
2026-04-03 12:05:32,1775217932,R_100,620.73,-1,0.21000000000003638,BACKFILL_AUTO
2026-04-03 12:05:34,1775217934,R_100,620.98,1,0.25,BACKFILL_AUTO
2026-04-03 12:05:36,1775217936,R_100,620.69,-1,0.2899999999999636,BACKFILL_AUTO
2026-04-03 12:05:38,1775217938,R_100,620.8,1,0.10999999999989996,BACKFILL_AUTO
2026-04-03 12:05:40,1775217940,R_100,620.7,-1,0.09999999999990905,BACKFILL_AUTO
2026-04-03 12:05:42,1775217942,R_100,620.83,1,0.12999999999999545,BACKFILL_AUTO
2026-04-03 12:05:44,1775217944,R_100,621.19,1,0.36000000000001364,BACKFILL_AUTO
2026-04-03 12:05:46,1775217946,R_100,621.35,1,0.15999999999996817,BACKFILL_AUTO
2026-04-03 12:05:48,1775217948,R_100,620.99,-1,0.36000000000001364,BACKFILL_AUTO
2026-04-03 12:05:50,1775217950,R_100,620.98,-1,0.009999999999990905,BACKFILL_AUTO
2026-04-03 12:05:52,1775217952,R_100,620.95,-1,0.029999999999972715,BACKFILL_AUTO
2026-04-03 12:05:54,1775217954,R_100,620.89,-1,0.06000000000005912,BACKFILL_AUTO
2026-04-03 12:05:56,1775217956,R_100,620.99,1,0.10000000000002274,BACKFILL_AUTO
2026-04-03 12:05:58,1775217958,R_100,620.86,-1,0.12999999999999545,BACKFILL_AUTO
2026-04-03 12:06:00,1775217960,R_100,620.96,1,0.10000000000002274,BACKFILL_AUTO
2026-04-03 12:06:02,1775217962,R_100,620.63,-1,0.3300000000000409,BACKFILL_AUTO
2026-04-03 12:06:04,1775217964,R_100,620.6,-1,0.029999999999972715,BACKFILL_AUTO
2026-04-03 12:06:06,1775217966,R_100,620.72,1,0.12000000000000455,BACKFILL_AUTO
2026-04-03 12:06:08,1775217968,R_100,620.71,-1,0.009999999999990905,BACKFILL_AUTO
2026-04-03 12:06:10,1775217970,R_100,620.71,0,0.0,BACKFILL_AUTO
2026-04-03 12:06:12,1775217972,R_100,620.5,-1,0.21000000000003638,BACKFILL_AUTO
2026-04-03 12:06:14,1775217974,R_100,620.42,-1,0.08000000000004093,BACKFILL_AUTO
2026-04-03 12:06:16,1775217976,R_100,620.44,1,0.020000000000095497,BACKFILL_AUTO
2026-04-03 12:06:18,1775217978,R_100,620.49,1,0.049999999999954525,BACKFILL_AUTO
2026-04-03 12:06:20,1775217980,R_100,620.22,-1,0.2699999999999818,BACKFILL_AUTO
2026-04-03 12:06:22,1775217982,R_100,620.43,1,0.2099999999999227,BACKFILL_AUTO
2026-04-03 12:06:24,1775217984,R_100,620.36,-1,0.06999999999993634,BACKFILL_AUTO
2026-04-03 12:06:26,1775217986,R_100,620.31,-1,0.05000000000006821,BACKFILL_AUTO
2026-04-03 12:06:28,1775217988,R_100,620.36,1,0.05000000000006821,BACKFILL_AUTO
2026-04-03 12:06:30,1775217990,R_100,620.58,1,0.22000000000002728,BACKFILL_AUTO
2026-04-03 12:06:32,1775217992,R_100,620.48,-1,0.10000000000002274,BACKFILL_AUTO
2026-04-03 12:06:34,1775217994,R_100,620.62,1,0.13999999999998636,BACKFILL_AUTO
2026-04-03 12:06:36,1775217996,R_100,620.58,-1,0.03999999999996362,BACKFILL_AUTO
2026-04-03 12:06:38,1775217998,R_100,620.7,1,0.12000000000000455,BACKFILL_AUTO
2026-04-03 12:06:40,1775218000,R_100,620.59,-1,0.11000000000001364,BACKFILL_AUTO
2026-04-03 12:06:42,1775218002,R_100,620.69,1,0.10000000000002274,BACKFILL_AUTO
2026-04-03 12:06:44,1775218004,R_100,620.69,0,0.0,BACKFILL_AUTO
2026-04-03 12:06:46,1775218006,R_100,620.65,-1,0.04000000000007731,BACKFILL_AUTO
2026-04-03 12:06:48,1775218008,R_100,620.66,1,0.009999999999990905,BACKFILL_AUTO
2026-04-03 12:06:50,1775218010,R_100,620.56,-1,0.10000000000002274,BACKFILL_AUTO
2026-04-03 12:06:52,1775218012,R_100,620.62,1,0.06000000000005912,BACKFILL_AUTO
2026-04-03 12:06:54,1775218014,R_100,620.78,1,0.15999999999996817,BACKFILL_AUTO
2026-04-03 12:06:56,1775218016,R_100,620.97,1,0.19000000000005457,BACKFILL_AUTO
2026-04-03 12:06:58,1775218018,R_100,620.92,-1,0.05000000000006821,BACKFILL_AUTO
2026-04-03 12:07:00,1775218020,R_100,621.13,1,0.21000000000003638,BACKFILL_AUTO
2026-04-03 12:07:02,1775218022,R_100,621.07,-1,0.05999999999994543,BACKFILL_AUTO
2026-04-03 12:07:04,1775218024,R_100,620.81,-1,0.2600000000001046,BACKFILL_AUTO
2026-04-03 12:07:06,1775218026,R_100,620.98,1,0.17000000000007276,BACKFILL_AUTO
2026-04-03 12:07:08,1775218028,R_100,621.02,1,0.03999999999996362,BACKFILL_AUTO
2026-04-03 12:07:10,1775218030,R_100,620.97,-1,0.049999999999954525,BACKFILL_AUTO
2026-04-03 12:07:12,1775218032,R_100,620.97,0,0.0,BACKFILL_AUTO
2026-04-03 12:07:14,1775218034,R_100,620.96,-1,0.009999999999990905,BACKFILL_AUTO
2026-04-03 12:07:16,1775218036,R_100,621.11,1,0.14999999999997726,BACKFILL_AUTO
2026-04-03 12:07:18,1775218038,R_100,621.13,1,0.01999999999998181,BACKFILL_AUTO
2026-04-03 12:07:20,1775218040,R_100,621.18,1,0.049999999999954525,BACKFILL_AUTO
2026-04-03 12:07:22,1775218042,R_100,621.17,-1,0.009999999999990905,BACKFILL_AUTO
2026-04-03 12:07:24,1775218044,R_100,621.12,-1,0.049999999999954525,BACKFILL_AUTO
2026-04-03 12:07:26,1775218046,R_100,620.9,-1,0.22000000000002728,BACKFILL_AUTO
2026-04-03 12:07:28,1775218048,R_100,620.84,-1,0.05999999999994543,BACKFILL_AUTO
2026-04-03 12:07:30,1775218050,R_100,620.8,-1,0.04000000000007731,BACKFILL_AUTO
2026-04-03 12:07:32,1775218052,R_100,620.95,1,0.15000000000009095,BACKFILL_AUTO
2026-04-03 12:07:34,1775218054,R_100,620.89,-1,0.06000000000005912,BACKFILL_AUTO
2026-04-03 12:07:36,1775218056,R_100,620.79,-1,0.10000000000002274,BACKFILL_AUTO
2026-04-03 12:07:38,1775218058,R_100,620.66,-1,0.12999999999999545,BACKFILL_AUTO
2026-04-03 12:07:40,1775218060,R_100,620.83,1,0.17000000000007276,BACKFILL_AUTO
2026-04-03 12:07:42,1775218062,R_100,620.7,-1,0.12999999999999545,BACKFILL_AUTO
2026-04-03 12:07:44,1775218064,R_100,620.48,-1,0.22000000000002728,BACKFILL_AUTO
2026-04-03 12:07:46,1775218066,R_100,620.53,1,0.049999999999954525,BACKFILL_AUTO
2026-04-03 12:07:48,1775218068,R_100,620.74,1,0.21000000000003638,BACKFILL_AUTO
2026-04-03 12:07:50,1775218070,R_100,620.53,-1,0.21000000000003638,BACKFILL_AUTO
2026-04-03 12:07:52,1775218072,R_100,620.58,1,0.05000000000006821,BACKFILL_AUTO
2026-04-03 12:07:54,1775218074,R_100,620.77,1,0.18999999999994088,BACKFILL_AUTO
2026-04-03 12:07:56,1775218076,R_100,620.89,1,0.12000000000000455,BACKFILL_AUTO
2026-04-03 12:07:58,1775218078,R_100,621.28,1,0.38999999999998636,BACKFILL_AUTO
2026-04-03 12:08:00,1775218080,R_100,621.11,-1,0.16999999999995907,BACKFILL_AUTO
2026-04-03 12:08:02,1775218082,R_100,621.33,1,0.22000000000002728,BACKFILL_AUTO
2026-04-03 12:08:04,1775218084,R_100,621.11,-1,0.22000000000002728,BACKFILL_AUTO
2026-04-03 12:08:06,1775218086,R_100,621.11,0,0.0,BACKFILL_AUTO
2026-04-03 12:08:08,1775218088,R_100,620.87,-1,0.2400000000000091,BACKFILL_AUTO
2026-04-03 12:08:10,1775218090,R_100,621.04,1,0.16999999999995907,BACKFILL_AUTO
2026-04-03 12:08:12,1775218092,R_100,621.13,1,0.09000000000003183,BACKFILL_AUTO
2026-04-03 12:08:14,1775218094,R_100,621.42,1,0.2899999999999636,BACKFILL_AUTO
2026-04-03 12:08:16,1775218096,R_100,621.52,1,0.10000000000002274,BACKFILL_AUTO
2026-04-03 12:08:18,1775218098,R_100,621.48,-1,0.03999999999996362,BACKFILL_AUTO
2026-04-03 12:08:20,1775218100,R_100,621.45,-1,0.029999999999972715,BACKFILL_AUTO
2026-04-03 12:08:22,1775218102,R_100,621.26,-1,0.19000000000005457,BACKFILL_AUTO
2026-04-03 12:08:24,1775218104,R_100,621.39,1,0.12999999999999545,BACKFILL_AUTO
2026-04-03 12:08:26,1775218106,R_100,621.02,-1,0.37000000000000455,BACKFILL_AUTO
2026-04-03 12:08:28,1775218108,R_100,620.96,-1,0.05999999999994543,BACKFILL_AUTO
2026-04-03 12:08:30,1775218110,R_100,620.85,-1,0.11000000000001364,BACKFILL_AUTO
2026-04-03 12:08:32,1775218112,R_100,621.12,1,0.2699999999999818,BACKFILL_AUTO
2026-04-03 12:08:34,1775218114,R_100,620.97,-1,0.14999999999997726,BACKFILL_AUTO
2026-04-03 12:08:36,1775218116,R_100,620.91,-1,0.06000000000005912,BACKFILL_AUTO
2026-04-03 12:08:38,1775218118,R_100,621.07,1,0.16000000000008185,BACKFILL_AUTO
2026-04-03 12:08:40,1775218120,R_100,621.2,1,0.12999999999999545,BACKFILL_AUTO
2026-04-03 12:08:42,1775218122,R_100,621.24,1,0.03999999999996362,BACKFILL_AUTO
2026-04-03 12:08:44,1775218124,R_100,621.04,-1,0.20000000000004547,BACKFILL_AUTO
2026-04-03 12:08:46,1775218126,R_100,621.06,1,0.01999999999998181,BACKFILL_AUTO
2026-04-03 12:08:48,1775218128,R_100,621.01,-1,0.049999999999954525,BACKFILL_AUTO
2026-04-03 12:08:50,1775218130,R_100,621.13,1,0.12000000000000455,BACKFILL_AUTO
2026-04-03 12:08:52,1775218132,R_100,621.18,1,0.049999999999954525,BACKFILL_AUTO
2026-04-03 12:08:54,1775218134,R_100,621.16,-1,0.01999999999998181,BACKFILL_AUTO
2026-04-03 12:08:56,1775218136,R_100,621.16,0,0.0,BACKFILL_AUTO
2026-04-03 12:08:58,1775218138,R_100,621.1,-1,0.05999999999994543,BACKFILL_AUTO
2026-04-03 12:09:00,1775218140,R_100,621.28,1,0.17999999999994998,BACKFILL_AUTO
2026-04-03 12:09:02,1775218142,R_100,621.07,-1,0.2099999999999227,BACKFILL_AUTO
2026-04-03 12:09:04,1775218144,R_100,621.22,1,0.14999999999997726,BACKFILL_AUTO
2026-04-03 12:09:06,1775218146,R_100,621.24,1,0.01999999999998181,BACKFILL_AUTO
2026-04-03 12:09:08,1775218148,R_100,621.58,1,0.34000000000003183,BACKFILL_AUTO
2026-04-03 12:09:10,1775218150,R_100,621.74,1,0.15999999999996817,BACKFILL_AUTO
2026-04-03 12:09:12,1775218152,R_100,621.75,1,0.009999999999990905,BACKFILL_AUTO
2026-04-03 12:09:14,1775218154,R_100,621.63,-1,0.12000000000000455,BACKFILL_AUTO
2026-04-03 12:09:16,1775218156,R_100,621.57,-1,0.05999999999994543,BACKFILL_AUTO
2026-04-03 12:09:18,1775218158,R_100,621.41,-1,0.16000000000008185,BACKFILL_AUTO
2026-04-03 12:09:20,1775218160,R_100,621.59,1,0.18000000000006366,BACKFILL_AUTO
2026-04-03 12:09:22,1775218162,R_100,621.83,1,0.2400000000000091,BACKFILL_AUTO
2026-04-03 12:09:24,1775218164,R_100,621.92,1,0.08999999999991815,BACKFILL_AUTO
2026-04-03 12:09:26,1775218166,R_100,622.06,1,0.13999999999998636,BACKFILL_AUTO
2026-04-03 12:09:28,1775218168,R_100,622.38,1,0.32000000000005,BACKFILL_AUTO
2026-04-03 12:09:30,1775218170,R_100,622.5,1,0.12000000000000455,BACKFILL_AUTO
2026-04-03 12:09:32,1775218172,R_100,622.68,1,0.17999999999994998,BACKFILL_AUTO
2026-04-03 12:09:34,1775218174,R_100,622.84,1,0.16000000000008185,BACKFILL_AUTO
2026-04-03 12:09:36,1775218176,R_100,622.74,-1,0.10000000000002274,BACKFILL_AUTO
2026-04-03 12:09:38,1775218178,R_100,622.8,1,0.05999999999994543,BACKFILL_AUTO
2026-04-03 12:09:40,1775218180,R_100,622.65,-1,0.14999999999997726,BACKFILL_AUTO
2026-04-03 12:09:42,1775218182,R_100,622.73,1,0.08000000000004093,BACKFILL_AUTO
2026-04-03 12:09:44,1775218184,R_100,622.79,1,0.05999999999994543,BACKFILL_AUTO
2026-04-03 12:09:46,1775218186,R_100,622.69,-1,0.09999999999990905,BACKFILL_AUTO
2026-04-03 12:09:48,1775218188,R_100,622.78,1,0.08999999999991815,BACKFILL_AUTO
2026-04-03 12:09:50,1775218190,R_100,622.76,-1,0.01999999999998181,BACKFILL_AUTO
2026-04-03 12:09:52,1775218192,R_100,622.73,-1,0.029999999999972715,BACKFILL_AUTO
2026-04-03 12:09:54,1775218194,R_100,622.65,-1,0.08000000000004093,BACKFILL_AUTO
2026-04-03 12:09:56,1775218196,R_100,622.26,-1,0.38999999999998636,BACKFILL_AUTO
2026-04-03 12:09:58,1775218198,R_100,622.22,-1,0.03999999999996362,BACKFILL_AUTO
2026-04-03 12:10:00,1775218200,R_100,622.09,-1,0.12999999999999545,BACKFILL_AUTO
2026-04-03 12:10:02,1775218202,R_100,622.11,1,0.01999999999998181,BACKFILL_AUTO
2026-04-03 12:10:04,1775218204,R_100,622.02,-1,0.09000000000003183,BACKFILL_AUTO
2026-04-03 12:10:06,1775218206,R_100,622.15,1,0.12999999999999545,BACKFILL_AUTO
2026-04-03 12:10:08,1775218208,R_100,622.18,1,0.029999999999972715,BACKFILL_AUTO
2026-04-03 12:10:10,1775218210,R_100,622.32,1,0.14000000000010004,BACKFILL_AUTO
2026-04-03 12:10:12,1775218212,R_100,622.29,-1,0.030000000000086402,BACKFILL_AUTO
2026-04-03 12:10:14,1775218214,R_100,622.23,-1,0.05999999999994543,BACKFILL_AUTO
2026-04-03 12:10:16,1775218216,R_100,621.84,-1,0.38999999999998636,BACKFILL_AUTO
2026-04-03 12:10:18,1775218218,R_100,621.89,1,0.049999999999954525,BACKFILL_AUTO
2026-04-03 12:10:20,1775218220,R_100,621.8,-1,0.09000000000003183,BACKFILL_AUTO
2026-04-03 12:10:22,1775218222,R_100,622.02,1,0.22000000000002728,BACKFILL_AUTO
2026-04-03 12:10:24,1775218224,R_100,622.03,1,0.009999999999990905,BACKFILL_AUTO
2026-04-03 12:10:26,1775218226,R_100,622.02,-1,0.009999999999990905,BACKFILL_AUTO
2026-04-03 12:10:28,1775218228,R_100,621.71,-1,0.30999999999994543,BACKFILL_AUTO
2026-04-03 12:10:30,1775218230,R_100,621.52,-1,0.19000000000005457,BACKFILL_AUTO
2026-04-03 12:10:32,1775218232,R_100,621.35,-1,0.16999999999995907,BACKFILL_AUTO
2026-04-03 12:10:34,1775218234,R_100,621.46,1,0.11000000000001364,BACKFILL_AUTO
2026-04-03 12:10:36,1775218236,R_100,621.54,1,0.07999999999992724,BACKFILL_AUTO
2026-04-03 12:10:38,1775218238,R_100,621.44,-1,0.09999999999990905,BACKFILL_AUTO
2026-04-03 12:10:40,1775218240,R_100,621.41,-1,0.030000000000086402,BACKFILL_AUTO
2026-04-03 12:10:42,1775218242,R_100,621.32,-1,0.08999999999991815,BACKFILL_AUTO
2026-04-03 12:10:44,1775218244,R_100,621.36,1,0.03999999999996362,BACKFILL_AUTO
2026-04-03 12:10:46,1775218246,R_100,621.55,1,0.18999999999994088,BACKFILL_AUTO
2026-04-03 12:10:48,1775218248,R_100,621.58,1,0.030000000000086402,BACKFILL_AUTO
2026-04-03 12:10:50,1775218250,R_100,621.55,-1,0.030000000000086402,BACKFILL_AUTO
2026-04-03 12:10:52,1775218252,R_100,621.68,1,0.12999999999999545,BACKFILL_AUTO
2026-04-03 12:10:54,1775218254,R_100,621.48,-1,0.1999999999999318,BACKFILL_AUTO
2026-04-03 12:10:56,1775218256,R_100,621.52,1,0.03999999999996362,BACKFILL_AUTO
2026-04-03 12:10:58,1775218258,R_100,621.79,1,0.2699999999999818,BACKFILL_AUTO
2026-04-03 12:11:00,1775218260,R_100,621.52,-1,0.2699999999999818,BACKFILL_AUTO
2026-04-03 12:11:02,1775218262,R_100,621.66,1,0.13999999999998636,BACKFILL_AUTO
2026-04-03 12:11:04,1775218264,R_100,621.53,-1,0.12999999999999545,BACKFILL_AUTO
2026-04-03 12:11:06,1775218266,R_100,621.67,1,0.13999999999998636,BACKFILL_AUTO
2026-04-03 12:11:08,1775218268,R_100,621.4,-1,0.2699999999999818,BACKFILL_AUTO
2026-04-03 12:11:10,1775218270,R_100,621.1,-1,0.2999999999999545,BACKFILL_AUTO
2026-04-03 12:11:12,1775218272,R_100,621.24,1,0.13999999999998636,BACKFILL_AUTO
2026-04-03 12:11:14,1775218274,R_100,621.2,-1,0.03999999999996362,BACKFILL_AUTO
2026-04-03 12:11:16,1775218276,R_100,621.05,-1,0.15000000000009095,BACKFILL_AUTO
2026-04-03 12:11:18,1775218278,R_100,620.94,-1,0.10999999999989996,BACKFILL_AUTO
2026-04-03 12:11:20,1775218280,R_100,620.88,-1,0.06000000000005912,BACKFILL_AUTO
2026-04-03 12:11:22,1775218282,R_100,620.89,1,0.009999999999990905,BACKFILL_AUTO
2026-04-03 12:11:24,1775218284,R_100,620.84,-1,0.049999999999954525,BACKFILL_AUTO
2026-04-03 12:11:26,1775218286,R_100,621.06,1,0.2199999999999136,BACKFILL_AUTO
2026-04-03 12:11:28,1775218288,R_100,621.4,1,0.34000000000003183,BACKFILL_AUTO
2026-04-03 12:11:30,1775218290,R_100,621.48,1,0.08000000000004093,BACKFILL_AUTO
2026-04-03 12:11:32,1775218292,R_100,621.43,-1,0.05000000000006821,BACKFILL_AUTO
2026-04-03 12:11:34,1775218294,R_100,621.75,1,0.32000000000005,BACKFILL_AUTO
2026-04-03 12:11:36,1775218296,R_100,621.61,-1,0.13999999999998636,BACKFILL_AUTO
2026-04-03 12:11:38,1775218298,R_100,621.52,-1,0.09000000000003183,BACKFILL_AUTO
2026-04-03 12:11:40,1775218300,R_100,621.5,-1,0.01999999999998181,BACKFILL_AUTO
2026-04-03 12:11:42,1775218302,R_100,621.34,-1,0.15999999999996817,BACKFILL_AUTO
2026-04-03 12:11:44,1775218304,R_100,621.48,1,0.13999999999998636,BACKFILL_AUTO
2026-04-03 12:11:46,1775218306,R_100,621.38,-1,0.10000000000002274,BACKFILL_AUTO
2026-04-03 12:11:48,1775218308,R_100,621.21,-1,0.16999999999995907,BACKFILL_AUTO
2026-04-03 12:11:50,1775218310,R_100,620.98,-1,0.2300000000000182,BACKFILL_AUTO
2026-04-03 12:11:52,1775218312,R_100,620.93,-1,0.05000000000006821,BACKFILL_AUTO
2026-04-03 12:11:54,1775218314,R_100,620.68,-1,0.25,BACKFILL_AUTO
2026-04-03 12:11:56,1775218316,R_100,620.41,-1,0.2699999999999818,BACKFILL_AUTO
2026-04-03 12:11:58,1775218318,R_100,620.41,0,0.0,BACKFILL_AUTO
2026-04-03 12:12:00,1775218320,R_100,620.39,-1,0.01999999999998181,BACKFILL_AUTO
2026-04-03 12:12:02,1775218322,R_100,620.26,-1,0.12999999999999545,BACKFILL_AUTO
2026-04-03 12:12:04,1775218324,R_100,620.1,-1,0.15999999999996817,BACKFILL_AUTO
2026-04-03 12:12:06,1775218326,R_100,620.16,1,0.05999999999994543,BACKFILL_AUTO
2026-04-03 12:12:08,1775218328,R_100,620.27,1,0.11000000000001364,BACKFILL_AUTO
2026-04-03 12:12:10,1775218330,R_100,620.21,-1,0.05999999999994543,BACKFILL_AUTO
2026-04-03 12:12:12,1775218332,R_100,620.17,-1,0.04000000000007731,BACKFILL_AUTO
2026-04-03 12:12:14,1775218334,R_100,620.19,1,0.020000000000095497,BACKFILL_AUTO
2026-04-03 12:12:16,1775218336,R_100,619.93,-1,0.2600000000001046,BACKFILL_AUTO
2026-04-03 12:12:18,1775218338,R_100,619.78,-1,0.14999999999997726,BACKFILL_AUTO
2026-04-03 12:12:20,1775218340,R_100,619.97,1,0.19000000000005457,BACKFILL_AUTO
2026-04-03 12:12:22,1775218342,R_100,619.95,-1,0.01999999999998181,BACKFILL_AUTO
2026-04-03 12:12:24,1775218344,R_100,619.9,-1,0.05000000000006821,BACKFILL_AUTO
2026-04-03 12:12:26,1775218346,R_100,619.81,-1,0.09000000000003183,BACKFILL_AUTO
2026-04-03 12:12:28,1775218348,R_100,619.87,1,0.06000000000005912,BACKFILL_AUTO
2026-04-03 12:12:30,1775218350,R_100,619.84,-1,0.029999999999972715,BACKFILL_AUTO
2026-04-03 12:12:32,1775218352,R_100,619.73,-1,0.11000000000001364,BACKFILL_AUTO
2026-04-03 12:12:34,1775218354,R_100,619.83,1,0.10000000000002274,BACKFILL_AUTO
2026-04-03 12:12:36,1775218356,R_100,619.64,-1,0.19000000000005457,BACKFILL_AUTO
2026-04-03 12:12:38,1775218358,R_100,619.97,1,0.3300000000000409,BACKFILL_AUTO
2026-04-03 12:12:40,1775218360,R_100,620.14,1,0.16999999999995907,BACKFILL_AUTO
2026-04-03 12:12:42,1775218362,R_100,620.24,1,0.10000000000002274,BACKFILL_AUTO
2026-04-03 12:12:44,1775218364,R_100,620.05,-1,0.19000000000005457,BACKFILL_AUTO
2026-04-03 12:12:46,1775218366,R_100,620.28,1,0.2300000000000182,BACKFILL_AUTO
2026-04-03 12:12:48,1775218368,R_100,620.21,-1,0.06999999999993634,BACKFILL_AUTO
2026-04-03 12:12:50,1775218370,R_100,620.19,-1,0.01999999999998181,BACKFILL_AUTO
2026-04-03 12:12:52,1775218372,R_100,620.24,1,0.049999999999954525,BACKFILL_AUTO
2026-04-03 12:12:54,1775218374,R_100,620.35,1,0.11000000000001364,BACKFILL_AUTO
2026-04-03 12:12:56,1775218376,R_100,620.5,1,0.14999999999997726,BACKFILL_AUTO
2026-04-03 12:12:58,1775218378,R_100,620.51,1,0.009999999999990905,BACKFILL_AUTO
2026-04-03 12:13:00,1775218380,R_100,620.58,1,0.07000000000005002,BACKFILL_AUTO
2026-04-03 12:13:02,1775218382,R_100,620.39,-1,0.19000000000005457,BACKFILL_AUTO
2026-04-03 12:13:04,1775218384,R_100,620.25,-1,0.13999999999998636,BACKFILL_AUTO
2026-04-03 12:13:06,1775218386,R_100,620.34,1,0.09000000000003183,BACKFILL_AUTO
2026-04-03 12:13:08,1775218388,R_100,620.44,1,0.10000000000002274,BACKFILL_AUTO
2026-04-03 12:13:10,1775218390,R_100,620.36,-1,0.08000000000004093,BACKFILL_AUTO
2026-04-03 12:13:12,1775218392,R_100,620.38,1,0.01999999999998181,BACKFILL_AUTO
2026-04-03 12:13:14,1775218394,R_100,620.43,1,0.049999999999954525,BACKFILL_AUTO
2026-04-03 12:13:16,1775218396,R_100,620.27,-1,0.15999999999996817,BACKFILL_AUTO
2026-04-03 12:13:18,1775218398,R_100,620.22,-1,0.049999999999954525,BACKFILL_AUTO
2026-04-03 12:13:20,1775218400,R_100,620.38,1,0.15999999999996817,BACKFILL_AUTO
2026-04-03 12:13:22,1775218402,R_100,620.55,1,0.16999999999995907,BACKFILL_AUTO
2026-04-03 12:13:24,1775218404,R_100,620.45,-1,0.09999999999990905,BACKFILL_AUTO
2026-04-03 12:13:26,1775218406,R_100,620.39,-1,0.06000000000005912,BACKFILL_AUTO
2026-04-03 12:13:28,1775218408,R_100,620.26,-1,0.12999999999999545,BACKFILL_AUTO
2026-04-03 12:13:30,1775218410,R_100,620.15,-1,0.11000000000001364,BACKFILL_AUTO
2026-04-03 12:13:32,1775218412,R_100,620.11,-1,0.03999999999996362,BACKFILL_AUTO
2026-04-03 12:13:34,1775218414,R_100,620.04,-1,0.07000000000005002,BACKFILL_AUTO
2026-04-03 12:13:36,1775218416,R_100,620.15,1,0.11000000000001364,BACKFILL_AUTO
2026-04-03 12:13:38,1775218418,R_100,619.88,-1,0.2699999999999818,BACKFILL_AUTO
2026-04-03 12:13:40,1775218420,R_100,619.92,1,0.03999999999996362,BACKFILL_AUTO
2026-04-03 12:13:42,1775218422,R_100,620.11,1,0.19000000000005457,BACKFILL_AUTO
2026-04-03 12:13:44,1775218424,R_100,620.28,1,0.16999999999995907,BACKFILL_AUTO
2026-04-03 12:13:46,1775218426,R_100,620.22,-1,0.05999999999994543,BACKFILL_AUTO
2026-04-03 12:13:48,1775218428,R_100,620.26,1,0.03999999999996362,BACKFILL_AUTO
2026-04-03 12:13:50,1775218430,R_100,620.45,1,0.19000000000005457,BACKFILL_AUTO
2026-04-03 12:13:52,1775218432,R_100,620.41,-1,0.04000000000007731,BACKFILL_AUTO
2026-04-03 12:13:54,1775218434,R_100,620.32,-1,0.08999999999991815,BACKFILL_AUTO
2026-04-03 12:13:56,1775218436,R_100,620.49,1,0.16999999999995907,BACKFILL_AUTO
2026-04-03 12:13:58,1775218438,R_100,620.5,1,0.009999999999990905,BACKFILL_AUTO
2026-04-03 12:14:00,1775218440,R_100,620.69,1,0.19000000000005457,BACKFILL_AUTO
2026-04-03 12:14:02,1775218442,R_100,620.56,-1,0.13000000000010914,BACKFILL_AUTO
2026-04-03 12:14:04,1775218444,R_100,620.32,-1,0.2399999999998954,BACKFILL_AUTO
2026-04-03 12:14:06,1775218446,R_100,620.57,1,0.25,BACKFILL_AUTO
2026-04-03 12:14:08,1775218448,R_100,620.73,1,0.15999999999996817,BACKFILL_AUTO
2026-04-03 12:14:10,1775218450,R_100,620.79,1,0.05999999999994543,BACKFILL_AUTO
2026-04-03 12:14:12,1775218452,R_100,620.81,1,0.01999999999998181,BACKFILL_AUTO
2026-04-03 12:14:14,1775218454,R_100,621.01,1,0.20000000000004547,BACKFILL_AUTO
2026-04-03 12:14:16,1775218456,R_100,621.22,1,0.21000000000003638,BACKFILL_AUTO
2026-04-03 12:14:18,1775218458,R_100,621.53,1,0.30999999999994543,BACKFILL_AUTO
2026-04-03 12:14:20,1775218460,R_100,621.71,1,0.18000000000006366,BACKFILL_AUTO
2026-04-03 12:14:22,1775218462,R_100,621.63,-1,0.08000000000004093,BACKFILL_AUTO
2026-04-03 12:14:24,1775218464,R_100,621.56,-1,0.07000000000005002,BACKFILL_AUTO
2026-04-03 12:14:26,1775218466,R_100,621.59,1,0.030000000000086402,BACKFILL_AUTO
2026-04-03 12:14:28,1775218468,R_100,621.78,1,0.18999999999994088,BACKFILL_AUTO
2026-04-03 12:14:30,1775218470,R_100,621.66,-1,0.12000000000000455,BACKFILL_AUTO
2026-04-03 12:14:32,1775218472,R_100,621.46,-1,0.1999999999999318,BACKFILL_AUTO
2026-04-03 12:14:34,1775218474,R_100,621.52,1,0.05999999999994543,BACKFILL_AUTO
2026-04-03 12:14:36,1775218476,R_100,621.86,1,0.34000000000003183,BACKFILL_AUTO
2026-04-03 12:14:38,1775218478,R_100,622.13,1,0.2699999999999818,BACKFILL_AUTO
2026-04-03 12:14:40,1775218480,R_100,622.22,1,0.09000000000003183,BACKFILL_AUTO
2026-04-03 12:14:42,1775218482,R_100,622.22,0,0.0,BACKFILL_AUTO
2026-04-03 12:14:44,1775218484,R_100,622.32,1,0.10000000000002274,BACKFILL_AUTO
2026-04-03 12:14:46,1775218486,R_100,622.12,-1,0.20000000000004547,BACKFILL_AUTO
2026-04-03 12:14:48,1775218488,R_100,622.19,1,0.07000000000005002,BACKFILL_AUTO
2026-04-03 12:14:50,1775218490,R_100,622.1,-1,0.09000000000003183,BACKFILL_AUTO
2026-04-03 12:14:52,1775218492,R_100,621.88,-1,0.22000000000002728,BACKFILL_AUTO
2026-04-03 12:14:54,1775218494,R_100,621.71,-1,0.16999999999995907,BACKFILL_AUTO
2026-04-03 12:14:56,1775218496,R_100,621.72,1,0.009999999999990905,BACKFILL_AUTO
2026-04-03 12:14:58,1775218498,R_100,621.74,1,0.01999999999998181,BACKFILL_AUTO
2026-04-03 12:15:00,1775218500,R_100,621.97,1,0.2300000000000182,BACKFILL_AUTO
2026-04-03 12:15:02,1775218502,R_100,621.83,-1,0.13999999999998636,BACKFILL_AUTO
2026-04-03 12:15:04,1775218504,R_100,621.56,-1,0.2700000000000955,BACKFILL_AUTO
2026-04-03 12:15:06,1775218506,R_100,621.73,1,0.17000000000007276,BACKFILL_AUTO
2026-04-03 12:15:08,1775218508,R_100,621.77,1,0.03999999999996362,BACKFILL_AUTO
2026-04-03 12:15:10,1775218510,R_100,621.89,1,0.12000000000000455,BACKFILL_AUTO
2026-04-03 12:15:12,1775218512,R_100,621.75,-1,0.13999999999998636,BACKFILL_AUTO
2026-04-03 12:15:14,1775218514,R_100,621.91,1,0.15999999999996817,BACKFILL_AUTO
2026-04-03 12:15:16,1775218516,R_100,621.96,1,0.05000000000006821,BACKFILL_AUTO
2026-04-03 12:15:18,1775218518,R_100,621.98,1,0.01999999999998181,BACKFILL_AUTO
2026-04-03 12:15:20,1775218520,R_100,622.14,1,0.15999999999996817,BACKFILL_AUTO
2026-04-03 12:15:22,1775218522,R_100,622.26,1,0.12000000000000455,BACKFILL_AUTO
2026-04-03 12:15:24,1775218524,R_100,622.35,1,0.09000000000003183,BACKFILL_AUTO
2026-04-03 12:15:26,1775218526,R_100,622.24,-1,0.11000000000001364,BACKFILL_AUTO
2026-04-03 12:15:28,1775218528,R_100,622.29,1,0.049999999999954525,BACKFILL_AUTO
2026-04-03 12:15:30,1775218530,R_100,622.44,1,0.15000000000009095,BACKFILL_AUTO
2026-04-03 12:15:32,1775218532,R_100,622.38,-1,0.06000000000005912,BACKFILL_AUTO
2026-04-03 12:15:34,1775218534,R_100,622.4,1,0.01999999999998181,BACKFILL_AUTO
2026-04-03 12:15:36,1775218536,R_100,622.64,1,0.2400000000000091,BACKFILL_AUTO
2026-04-03 12:15:38,1775218538,R_100,622.5,-1,0.13999999999998636,BACKFILL_AUTO
2026-04-03 12:15:40,1775218540,R_100,622.6,1,0.10000000000002274,BACKFILL_AUTO
2026-04-03 12:15:42,1775218542,R_100,622.6,0,0.0,BACKFILL_AUTO
2026-04-03 12:15:44,1775218544,R_100,622.89,1,0.2899999999999636,BACKFILL_AUTO
2026-04-03 12:15:46,1775218546,R_100,622.88,-1,0.009999999999990905,BACKFILL_AUTO
2026-04-03 12:15:48,1775218548,R_100,623.11,1,0.2300000000000182,BACKFILL_AUTO
2026-04-03 12:15:50,1775218550,R_100,623.2,1,0.09000000000003183,BACKFILL_AUTO
2026-04-03 12:15:52,1775218552,R_100,623.32,1,0.12000000000000455,BACKFILL_AUTO
2026-04-03 12:15:54,1775218554,R_100,623.58,1,0.2599999999999909,BACKFILL_AUTO
2026-04-03 12:15:56,1775218556,R_100,623.59,1,0.009999999999990905,BACKFILL_AUTO
2026-04-03 12:15:58,1775218558,R_100,623.34,-1,0.25,BACKFILL_AUTO
2026-04-03 12:16:00,1775218560,R_100,623.54,1,0.1999999999999318,BACKFILL_AUTO
2026-04-03 12:16:02,1775218562,R_100,623.32,-1,0.2199999999999136,BACKFILL_AUTO
2026-04-03 12:16:04,1775218564,R_100,623.45,1,0.12999999999999545,BACKFILL_AUTO
2026-04-03 12:16:06,1775218566,R_100,623.37,-1,0.08000000000004093,BACKFILL_AUTO
2026-04-03 12:16:08,1775218568,R_100,623.54,1,0.16999999999995907,BACKFILL_AUTO
2026-04-03 12:16:10,1775218570,R_100,623.73,1,0.19000000000005457,BACKFILL_AUTO
2026-04-03 12:16:12,1775218572,R_100,623.77,1,0.03999999999996362,BACKFILL_AUTO
2026-04-03 12:16:14,1775218574,R_100,623.62,-1,0.14999999999997726,BACKFILL_AUTO
2026-04-03 12:16:16,1775218576,R_100,623.71,1,0.09000000000003183,BACKFILL_AUTO
2026-04-03 12:16:18,1775218578,R_100,623.52,-1,0.19000000000005457,BACKFILL_AUTO
2026-04-03 12:16:20,1775218580,R_100,623.46,-1,0.05999999999994543,BACKFILL_AUTO
2026-04-03 12:16:22,1775218582,R_100,623.2,-1,0.2599999999999909,BACKFILL_AUTO
2026-04-03 12:16:24,1775218584,R_100,622.89,-1,0.3100000000000591,BACKFILL_AUTO
2026-04-03 12:16:26,1775218586,R_100,622.91,1,0.01999999999998181,BACKFILL_AUTO
2026-04-03 12:16:28,1775218588,R_100,622.52,-1,0.38999999999998636,BACKFILL_AUTO
2026-04-03 12:16:30,1775218590,R_100,622.41,-1,0.11000000000001364,BACKFILL_AUTO
2026-04-03 12:16:32,1775218592,R_100,622.54,1,0.12999999999999545,BACKFILL_AUTO
2026-04-03 12:16:34,1775218594,R_100,622.49,-1,0.049999999999954525,BACKFILL_AUTO
2026-04-03 12:16:36,1775218596,R_100,622.58,1,0.09000000000003183,BACKFILL_AUTO
2026-04-03 12:16:38,1775218598,R_100,622.52,-1,0.06000000000005912,BACKFILL_AUTO
2026-04-03 12:16:40,1775218600,R_100,622.41,-1,0.11000000000001364,BACKFILL_AUTO
2026-04-03 12:16:42,1775218602,R_100,622.43,1,0.01999999999998181,BACKFILL_AUTO
2026-04-03 12:16:44,1775218604,R_100,622.24,-1,0.18999999999994088,BACKFILL_AUTO
2026-04-03 12:16:46,1775218606,R_100,622.15,-1,0.09000000000003183,BACKFILL_AUTO
2026-04-03 12:16:48,1775218608,R_100,622.34,1,0.19000000000005457,BACKFILL_AUTO
2026-04-03 12:16:50,1775218610,R_100,622.39,1,0.049999999999954525,BACKFILL_AUTO
2026-04-03 12:16:52,1775218612,R_100,622.16,-1,0.2300000000000182,BACKFILL_AUTO
2026-04-03 12:16:54,1775218614,R_100,622.12,-1,0.03999999999996362,BACKFILL_AUTO
2026-04-03 12:16:56,1775218616,R_100,622.24,1,0.12000000000000455,BACKFILL_AUTO
2026-04-03 12:16:58,1775218618,R_100,622.48,1,0.2400000000000091,BACKFILL_AUTO
2026-04-03 12:17:00,1775218620,R_100,622.61,1,0.12999999999999545,BACKFILL_AUTO
2026-04-03 12:17:02,1775218622,R_100,622.41,-1,0.20000000000004547,BACKFILL_AUTO
2026-04-03 12:17:04,1775218624,R_100,622.22,-1,0.18999999999994088,BACKFILL_AUTO
2026-04-03 12:17:06,1775218626,R_100,622.14,-1,0.08000000000004093,BACKFILL_AUTO
2026-04-03 12:17:08,1775218628,R_100,622.44,1,0.3000000000000682,BACKFILL_AUTO
2026-04-03 12:17:10,1775218630,R_100,622.4,-1,0.04000000000007731,BACKFILL_AUTO
2026-04-03 12:17:12,1775218632,R_100,622.67,1,0.2699999999999818,BACKFILL_AUTO
2026-04-03 12:17:14,1775218634,R_100,622.64,-1,0.029999999999972715,BACKFILL_AUTO
2026-04-03 12:17:16,1775218636,R_100,622.57,-1,0.06999999999993634,BACKFILL_AUTO
2026-04-03 12:17:18,1775218638,R_100,622.29,-1,0.2800000000000864,BACKFILL_AUTO
2026-04-03 12:17:20,1775218640,R_100,622.39,1,0.10000000000002274,BACKFILL_AUTO
2026-04-03 12:17:22,1775218642,R_100,622.6,1,0.21000000000003638,BACKFILL_AUTO
2026-04-03 12:17:24,1775218644,R_100,622.8,1,0.1999999999999318,BACKFILL_AUTO
2026-04-03 12:17:26,1775218646,R_100,622.94,1,0.14000000000010004,BACKFILL_AUTO
2026-04-03 12:17:28,1775218648,R_100,623.09,1,0.14999999999997726,BACKFILL_AUTO
2026-04-03 12:17:30,1775218650,R_100,622.99,-1,0.10000000000002274,BACKFILL_AUTO
2026-04-03 12:17:32,1775218652,R_100,623.21,1,0.22000000000002728,BACKFILL_AUTO
2026-04-03 12:17:34,1775218654,R_100,623.22,1,0.009999999999990905,BACKFILL_AUTO
2026-04-03 12:17:36,1775218656,R_100,623.21,-1,0.009999999999990905,BACKFILL_AUTO
2026-04-03 12:17:38,1775218658,R_100,623.06,-1,0.15000000000009095,BACKFILL_AUTO
2026-04-03 12:17:40,1775218660,R_100,622.97,-1,0.08999999999991815,BACKFILL_AUTO
2026-04-03 12:17:42,1775218662,R_100,622.85,-1,0.12000000000000455,BACKFILL_AUTO
2026-04-03 12:17:44,1775218664,R_100,622.98,1,0.12999999999999545,BACKFILL_AUTO
2026-04-03 12:17:46,1775218666,R_100,622.82,-1,0.15999999999996817,BACKFILL_AUTO
2026-04-03 12:17:48,1775218668,R_100,622.88,1,0.05999999999994543,BACKFILL_AUTO
2026-04-03 12:17:50,1775218670,R_100,622.71,-1,0.16999999999995907,BACKFILL_AUTO
2026-04-03 12:17:52,1775218672,R_100,622.74,1,0.029999999999972715,BACKFILL_AUTO
2026-04-03 12:17:54,1775218674,R_100,622.78,1,0.03999999999996362,BACKFILL_AUTO
2026-04-03 12:17:56,1775218676,R_100,622.72,-1,0.05999999999994543,BACKFILL_AUTO
2026-04-03 12:17:58,1775218678,R_100,622.63,-1,0.09000000000003183,BACKFILL_AUTO
2026-04-03 12:18:00,1775218680,R_100,622.75,1,0.12000000000000455,BACKFILL_AUTO
2026-04-03 12:18:02,1775218682,R_100,622.89,1,0.13999999999998636,BACKFILL_AUTO
2026-04-03 12:18:04,1775218684,R_100,622.84,-1,0.049999999999954525,BACKFILL_AUTO
2026-04-03 12:18:06,1775218686,R_100,622.6,-1,0.2400000000000091,BACKFILL_AUTO
2026-04-03 12:18:08,1775218688,R_100,622.39,-1,0.21000000000003638,BACKFILL_AUTO
2026-04-03 12:18:10,1775218690,R_100,622.63,1,0.2400000000000091,BACKFILL_AUTO
2026-04-03 12:18:12,1775218692,R_100,622.54,-1,0.09000000000003183,BACKFILL_AUTO
2026-04-03 12:18:14,1775218694,R_100,622.61,1,0.07000000000005002,BACKFILL_AUTO
2026-04-03 12:18:16,1775218696,R_100,622.7,1,0.09000000000003183,BACKFILL_AUTO
2026-04-03 12:18:18,1775218698,R_100,622.81,1,0.10999999999989996,BACKFILL_AUTO
2026-04-03 12:18:20,1775218700,R_100,622.63,-1,0.17999999999994998,BACKFILL_AUTO
2026-04-03 12:18:22,1775218702,R_100,622.68,1,0.049999999999954525,BACKFILL_AUTO
2026-04-03 12:18:24,1775218704,R_100,622.3,-1,0.37999999999999545,BACKFILL_AUTO
2026-04-03 12:18:26,1775218706,R_100,622.27,-1,0.029999999999972715,BACKFILL_AUTO
2026-04-03 12:18:28,1775218708,R_100,622.03,-1,0.2400000000000091,BACKFILL_AUTO
2026-04-03 12:18:30,1775218710,R_100,622.14,1,0.11000000000001364,BACKFILL_AUTO
2026-04-03 12:18:32,1775218712,R_100,622.21,1,0.07000000000005002,BACKFILL_AUTO
2026-04-03 12:18:34,1775218714,R_100,622.41,1,0.1999999999999318,BACKFILL_AUTO
2026-04-03 12:18:36,1775218716,R_100,622.43,1,0.01999999999998181,BACKFILL_AUTO
2026-04-03 12:18:38,1775218718,R_100,622.38,-1,0.049999999999954525,BACKFILL_AUTO
2026-04-03 12:18:40,1775218720,R_100,622.21,-1,0.16999999999995907,BACKFILL_AUTO
2026-04-03 12:18:42,1775218722,R_100,622.14,-1,0.07000000000005002,BACKFILL_AUTO
2026-04-03 12:18:44,1775218724,R_100,622.32,1,0.18000000000006366,BACKFILL_AUTO
2026-04-03 12:18:46,1775218726,R_100,622.21,-1,0.11000000000001364,BACKFILL_AUTO
2026-04-03 12:18:48,1775218728,R_100,622.16,-1,0.05000000000006821,BACKFILL_AUTO
2026-04-03 12:18:50,1775218730,R_100,622.26,1,0.10000000000002274,BACKFILL_AUTO
2026-04-03 12:18:52,1775218732,R_100,621.94,-1,0.31999999999993634,BACKFILL_AUTO
2026-04-03 12:18:54,1775218734,R_100,621.71,-1,0.2300000000000182,BACKFILL_AUTO
2026-04-03 12:18:56,1775218736,R_100,621.77,1,0.05999999999994543,BACKFILL_AUTO
2026-04-03 12:18:58,1775218738,R_100,621.48,-1,0.2899999999999636,BACKFILL_AUTO
2026-04-03 12:19:00,1775218740,R_100,621.54,1,0.05999999999994543,BACKFILL_AUTO
2026-04-03 12:19:02,1775218742,R_100,621.49,-1,0.049999999999954525,BACKFILL_AUTO
2026-04-03 12:19:04,1775218744,R_100,621.43,-1,0.06000000000005912,BACKFILL_AUTO
2026-04-03 12:19:06,1775218746,R_100,621.29,-1,0.13999999999998636,BACKFILL_AUTO
2026-04-03 12:19:08,1775218748,R_100,621.23,-1,0.05999999999994543,BACKFILL_AUTO
2026-04-03 12:19:10,1775218750,R_100,621.39,1,0.15999999999996817,BACKFILL_AUTO
2026-04-03 12:19:12,1775218752,R_100,621.13,-1,0.2599999999999909,BACKFILL_AUTO
2026-04-03 12:19:14,1775218754,R_100,621.3,1,0.16999999999995907,BACKFILL_AUTO
2026-04-03 12:19:16,1775218756,R_100,621.18,-1,0.12000000000000455,BACKFILL_AUTO
2026-04-03 12:19:18,1775218758,R_100,621.09,-1,0.08999999999991815,BACKFILL_AUTO
2026-04-03 12:19:20,1775218760,R_100,621.0,-1,0.09000000000003183,BACKFILL_AUTO
2026-04-03 12:19:22,1775218762,R_100,620.75,-1,0.25,BACKFILL_AUTO
2026-04-03 12:19:24,1775218764,R_100,620.91,1,0.15999999999996817,BACKFILL_AUTO
2026-04-03 12:19:26,1775218766,R_100,620.68,-1,0.2300000000000182,BACKFILL_AUTO
2026-04-03 12:19:28,1775218768,R_100,620.4,-1,0.2799999999999727,BACKFILL_AUTO
2026-04-03 12:19:30,1775218770,R_100,620.44,1,0.04000000000007731,BACKFILL_AUTO
2026-04-03 12:19:32,1775218772,R_100,620.36,-1,0.08000000000004093,BACKFILL_AUTO
2026-04-03 12:19:34,1775218774,R_100,620.56,1,0.1999999999999318,BACKFILL_AUTO
2026-04-03 12:19:36,1775218776,R_100,620.6,1,0.04000000000007731,BACKFILL_AUTO
2026-04-03 12:19:38,1775218778,R_100,620.68,1,0.07999999999992724,BACKFILL_AUTO
2026-04-03 12:19:40,1775218780,R_100,620.4,-1,0.2799999999999727,BACKFILL_AUTO
2026-04-03 12:19:42,1775218782,R_100,620.16,-1,0.2400000000000091,BACKFILL_AUTO
2026-04-03 12:19:44,1775218784,R_100,620.13,-1,0.029999999999972715,BACKFILL_AUTO
2026-04-03 12:19:46,1775218786,R_100,620.29,1,0.15999999999996817,BACKFILL_AUTO
2026-04-03 12:19:48,1775218788,R_100,620.15,-1,0.13999999999998636,BACKFILL_AUTO
2026-04-03 12:19:50,1775218790,R_100,620.23,1,0.08000000000004093,BACKFILL_AUTO
2026-04-03 12:19:52,1775218792,R_100,620.04,-1,0.19000000000005457,BACKFILL_AUTO
2026-04-03 12:19:54,1775218794,R_100,619.93,-1,0.11000000000001364,BACKFILL_AUTO
2026-04-03 12:19:56,1775218796,R_100,620.21,1,0.2800000000000864,BACKFILL_AUTO
2026-04-03 12:19:58,1775218798,R_100,620.21,0,0.0,BACKFILL_AUTO
2026-04-03 12:20:00,1775218800,R_100,620.2,-1,0.009999999999990905,BACKFILL_AUTO
2026-04-03 12:20:02,1775218802,R_100,620.36,1,0.15999999999996817,BACKFILL_AUTO
2026-04-03 12:20:04,1775218804,R_100,620.36,0,0.0,BACKFILL_AUTO
2026-04-03 12:20:06,1775218806,R_100,620.38,1,0.01999999999998181,BACKFILL_AUTO
2026-04-03 12:20:08,1775218808,R_100,620.38,0,0.0,BACKFILL_AUTO
2026-04-03 12:20:10,1775218810,R_100,620.42,1,0.03999999999996362,BACKFILL_AUTO
2026-04-03 12:20:12,1775218812,R_100,620.58,1,0.16000000000008185,BACKFILL_AUTO
2026-04-03 12:20:14,1775218814,R_100,620.67,1,0.08999999999991815,BACKFILL_AUTO
2026-04-03 12:20:16,1775218816,R_100,620.9,1,0.2300000000000182,BACKFILL_AUTO
2026-04-03 12:20:18,1775218818,R_100,620.95,1,0.05000000000006821,BACKFILL_AUTO
2026-04-03 12:20:20,1775218820,R_100,621.03,1,0.07999999999992724,BACKFILL_AUTO
2026-04-03 12:20:22,1775218822,R_100,620.98,-1,0.049999999999954525,BACKFILL_AUTO
2026-04-03 12:20:24,1775218824,R_100,620.93,-1,0.05000000000006821,BACKFILL_AUTO
2026-04-03 12:20:26,1775218826,R_100,620.6,-1,0.32999999999992724,BACKFILL_AUTO
2026-04-03 12:20:28,1775218828,R_100,620.56,-1,0.04000000000007731,BACKFILL_AUTO
2026-04-03 12:20:30,1775218830,R_100,620.58,1,0.020000000000095497,BACKFILL_AUTO
2026-04-03 12:20:32,1775218832,R_100,620.48,-1,0.10000000000002274,BACKFILL_AUTO
2026-04-03 12:20:34,1775218834,R_100,620.29,-1,0.19000000000005457,BACKFILL_AUTO
2026-04-03 12:20:36,1775218836,R_100,620.33,1,0.04000000000007731,BACKFILL_AUTO
2026-04-03 12:20:38,1775218838,R_100,620.46,1,0.12999999999999545,BACKFILL_AUTO
2026-04-03 12:20:40,1775218840,R_100,620.57,1,0.11000000000001364,BACKFILL_AUTO
2026-04-03 12:20:42,1775218842,R_100,620.28,-1,0.2900000000000773,BACKFILL_AUTO
2026-04-03 12:20:44,1775218844,R_100,620.55,1,0.2699999999999818,BACKFILL_AUTO
2026-04-03 12:20:46,1775218846,R_100,620.55,0,0.0,BACKFILL_AUTO
2026-04-03 12:20:48,1775218848,R_100,620.78,1,0.2300000000000182,BACKFILL_AUTO
2026-04-03 12:20:50,1775218850,R_100,621.1,1,0.32000000000005,BACKFILL_AUTO
2026-04-03 12:20:52,1775218852,R_100,621.18,1,0.07999999999992724,BACKFILL_AUTO
2026-04-03 12:20:54,1775218854,R_100,621.25,1,0.07000000000005002,BACKFILL_AUTO
2026-04-03 12:20:56,1775218856,R_100,621.13,-1,0.12000000000000455,BACKFILL_AUTO
2026-04-03 12:20:58,1775218858,R_100,621.13,0,0.0,BACKFILL_AUTO
2026-04-03 12:21:00,1775218860,R_100,621.08,-1,0.049999999999954525,BACKFILL_AUTO
2026-04-03 12:21:02,1775218862,R_100,621.31,1,0.2299999999999045,BACKFILL_AUTO
2026-04-03 12:21:04,1775218864,R_100,621.25,-1,0.05999999999994543,BACKFILL_AUTO
2026-04-03 12:21:06,1775218866,R_100,621.36,1,0.11000000000001364,BACKFILL_AUTO
2026-04-03 12:21:08,1775218868,R_100,621.4,1,0.03999999999996362,BACKFILL_AUTO
2026-04-03 12:21:10,1775218870,R_100,621.39,-1,0.009999999999990905,BACKFILL_AUTO
2026-04-03 12:21:12,1775218872,R_100,621.48,1,0.09000000000003183,BACKFILL_AUTO
2026-04-03 12:21:14,1775218874,R_100,621.62,1,0.13999999999998636,BACKFILL_AUTO
2026-04-03 12:21:16,1775218876,R_100,621.91,1,0.2899999999999636,BACKFILL_AUTO
2026-04-03 12:21:18,1775218878,R_100,621.73,-1,0.17999999999994998,BACKFILL_AUTO
2026-04-03 12:21:20,1775218880,R_100,621.95,1,0.22000000000002728,BACKFILL_AUTO
2026-04-03 12:21:22,1775218882,R_100,621.98,1,0.029999999999972715,BACKFILL_AUTO
2026-04-03 12:21:24,1775218884,R_100,622.04,1,0.05999999999994543,BACKFILL_AUTO
2026-04-03 12:21:26,1775218886,R_100,622.07,1,0.030000000000086402,BACKFILL_AUTO
2026-04-03 12:21:28,1775218888,R_100,621.96,-1,0.11000000000001364,BACKFILL_AUTO
2026-04-03 12:21:30,1775218890,R_100,622.22,1,0.2599999999999909,BACKFILL_AUTO
2026-04-03 12:21:32,1775218892,R_100,622.19,-1,0.029999999999972715,BACKFILL_AUTO
2026-04-03 12:21:34,1775218894,R_100,622.33,1,0.13999999999998636,BACKFILL_AUTO
2026-04-03 12:21:36,1775218896,R_100,622.21,-1,0.12000000000000455,BACKFILL_AUTO
2026-04-03 12:21:38,1775218898,R_100,622.3,1,0.08999999999991815,BACKFILL_AUTO
2026-04-03 12:21:40,1775218900,R_100,622.38,1,0.08000000000004093,BACKFILL_AUTO
2026-04-03 12:21:42,1775218902,R_100,622.13,-1,0.25,BACKFILL_AUTO
2026-04-03 12:21:44,1775218904,R_100,622.0,-1,0.12999999999999545,BACKFILL_AUTO
2026-04-03 12:21:46,1775218906,R_100,622.13,1,0.12999999999999545,BACKFILL_AUTO
2026-04-03 12:21:48,1775218908,R_100,621.96,-1,0.16999999999995907,BACKFILL_AUTO
2026-04-03 12:21:50,1775218910,R_100,621.8,-1,0.16000000000008185,BACKFILL_AUTO
2026-04-03 12:21:52,1775218912,R_100,621.72,-1,0.07999999999992724,BACKFILL_AUTO
2026-04-03 12:21:54,1775218914,R_100,621.91,1,0.18999999999994088,BACKFILL_AUTO
2026-04-03 12:21:56,1775218916,R_100,622.03,1,0.12000000000000455,BACKFILL_AUTO
2026-04-03 12:21:58,1775218918,R_100,622.24,1,0.21000000000003638,BACKFILL_AUTO
2026-04-03 12:22:00,1775218920,R_100,622.05,-1,0.19000000000005457,BACKFILL_AUTO
2026-04-03 12:22:02,1775218922,R_100,621.99,-1,0.05999999999994543,BACKFILL_AUTO
2026-04-03 12:22:04,1775218924,R_100,622.18,1,0.18999999999994088,BACKFILL_AUTO
2026-04-03 12:22:06,1775218926,R_100,622.04,-1,0.13999999999998636,BACKFILL_AUTO
2026-04-03 12:22:08,1775218928,R_100,622.13,1,0.09000000000003183,BACKFILL_AUTO
2026-04-03 12:22:10,1775218930,R_100,621.87,-1,0.2599999999999909,BACKFILL_AUTO
2026-04-03 12:22:12,1775218932,R_100,621.69,-1,0.17999999999994998,BACKFILL_AUTO
2026-04-03 12:22:14,1775218934,R_100,621.69,0,0.0,BACKFILL_AUTO
2026-04-03 12:22:16,1775218936,R_100,621.67,-1,0.020000000000095497,BACKFILL_AUTO
2026-04-03 12:22:18,1775218938,R_100,621.52,-1,0.14999999999997726,BACKFILL_AUTO
2026-04-03 12:22:20,1775218940,R_100,621.49,-1,0.029999999999972715,BACKFILL_AUTO
2026-04-03 12:22:22,1775218942,R_100,621.61,1,0.12000000000000455,BACKFILL_AUTO
2026-04-03 12:22:24,1775218944,R_100,621.66,1,0.049999999999954525,BACKFILL_AUTO
2026-04-03 12:22:26,1775218946,R_100,621.47,-1,0.18999999999994088,BACKFILL_AUTO
2026-04-03 12:22:28,1775218948,R_100,621.77,1,0.2999999999999545,BACKFILL_AUTO
2026-04-03 12:22:30,1775218950,R_100,621.87,1,0.10000000000002274,BACKFILL_AUTO
2026-04-03 12:22:32,1775218952,R_100,621.92,1,0.049999999999954525,BACKFILL_AUTO
2026-04-03 12:22:34,1775218954,R_100,621.96,1,0.04000000000007731,BACKFILL_AUTO
2026-04-03 12:22:36,1775218956,R_100,622.4,1,0.4399999999999409,BACKFILL_AUTO
2026-04-03 12:22:38,1775218958,R_100,622.57,1,0.17000000000007276,BACKFILL_AUTO
2026-04-03 12:22:40,1775218960,R_100,622.79,1,0.2199999999999136,BACKFILL_AUTO
2026-04-03 12:22:42,1775218962,R_100,622.77,-1,0.01999999999998181,BACKFILL_AUTO
2026-04-03 12:22:44,1775218964,R_100,622.74,-1,0.029999999999972715,BACKFILL_AUTO
2026-04-03 12:22:46,1775218966,R_100,622.79,1,0.049999999999954525,BACKFILL_AUTO
2026-04-03 12:22:48,1775218968,R_100,622.7,-1,0.08999999999991815,BACKFILL_AUTO
2026-04-03 12:22:50,1775218970,R_100,622.74,1,0.03999999999996362,BACKFILL_AUTO
2026-04-03 12:22:52,1775218972,R_100,622.84,1,0.10000000000002274,BACKFILL_AUTO
2026-04-03 12:22:54,1775218974,R_100,622.92,1,0.07999999999992724,BACKFILL_AUTO
2026-04-03 12:22:56,1775218976,R_100,622.9,-1,0.01999999999998181,BACKFILL_AUTO
2026-04-03 12:22:58,1775218978,R_100,623.0,1,0.10000000000002274,BACKFILL_AUTO
2026-04-03 12:23:00,1775218980,R_100,623.05,1,0.049999999999954525,BACKFILL_AUTO
2026-04-03 12:23:02,1775218982,R_100,623.09,1,0.04000000000007731,BACKFILL_AUTO
2026-04-03 12:23:04,1775218984,R_100,623.06,-1,0.030000000000086402,BACKFILL_AUTO
2026-04-03 12:23:06,1775218986,R_100,623.05,-1,0.009999999999990905,BACKFILL_AUTO
2026-04-03 12:23:08,1775218988,R_100,623.26,1,0.21000000000003638,BACKFILL_AUTO
2026-04-03 12:23:10,1775218990,R_100,623.24,-1,0.01999999999998181,BACKFILL_AUTO
2026-04-03 12:23:12,1775218992,R_100,623.3,1,0.05999999999994543,BACKFILL_AUTO
2026-04-03 12:23:14,1775218994,R_100,623.26,-1,0.03999999999996362,BACKFILL_AUTO
2026-04-03 12:23:16,1775218996,R_100,623.11,-1,0.14999999999997726,BACKFILL_AUTO
2026-04-03 12:23:18,1775218998,R_100,622.97,-1,0.13999999999998636,BACKFILL_AUTO
2026-04-03 12:23:20,1775219000,R_100,622.62,-1,0.35000000000002274,BACKFILL_AUTO
2026-04-03 12:23:22,1775219002,R_100,622.92,1,0.2999999999999545,BACKFILL_AUTO
2026-04-03 12:23:24,1775219004,R_100,622.88,-1,0.03999999999996362,BACKFILL_AUTO
2026-04-03 12:23:26,1775219006,R_100,622.74,-1,0.13999999999998636,BACKFILL_AUTO
2026-04-03 12:23:28,1775219008,R_100,622.38,-1,0.36000000000001364,BACKFILL_AUTO
2026-04-03 12:23:30,1775219010,R_100,622.32,-1,0.05999999999994543,BACKFILL_AUTO
2026-04-03 12:23:32,1775219012,R_100,622.57,1,0.25,BACKFILL_AUTO
2026-04-03 12:23:34,1775219014,R_100,622.72,1,0.14999999999997726,BACKFILL_AUTO
2026-04-03 12:23:36,1775219016,R_100,622.67,-1,0.05000000000006821,BACKFILL_AUTO
2026-04-03 12:23:38,1775219018,R_100,622.63,-1,0.03999999999996362,BACKFILL_AUTO
2026-04-03 12:23:40,1775219020,R_100,622.61,-1,0.01999999999998181,BACKFILL_AUTO
2026-04-03 12:23:42,1775219022,R_100,622.79,1,0.17999999999994998,BACKFILL_AUTO
2026-04-03 12:23:44,1775219024,R_100,622.79,0,0.0,BACKFILL_AUTO
2026-04-03 12:23:46,1775219026,R_100,622.54,-1,0.25,BACKFILL_AUTO
2026-04-03 12:23:48,1775219028,R_100,622.81,1,0.2699999999999818,BACKFILL_AUTO
2026-04-03 12:23:50,1775219030,R_100,622.47,-1,0.33999999999991815,BACKFILL_AUTO
2026-04-03 12:23:52,1775219032,R_100,622.7,1,0.2300000000000182,BACKFILL_AUTO
2026-04-03 12:23:54,1775219034,R_100,622.74,1,0.03999999999996362,BACKFILL_AUTO
2026-04-03 12:23:56,1775219036,R_100,623.07,1,0.3300000000000409,BACKFILL_AUTO
2026-04-03 12:23:58,1775219038,R_100,622.86,-1,0.21000000000003638,BACKFILL_AUTO
2026-04-03 12:24:00,1775219040,R_100,622.92,1,0.05999999999994543,BACKFILL_AUTO
2026-04-03 12:24:02,1775219042,R_100,622.83,-1,0.08999999999991815,BACKFILL_AUTO
2026-04-03 12:24:04,1775219044,R_100,623.02,1,0.18999999999994088,BACKFILL_AUTO
2026-04-03 12:24:06,1775219046,R_100,623.17,1,0.14999999999997726,BACKFILL_AUTO
2026-04-03 12:24:08,1775219048,R_100,622.83,-1,0.33999999999991815,BACKFILL_AUTO
2026-04-03 12:24:10,1775219050,R_100,622.64,-1,0.19000000000005457,BACKFILL_AUTO
2026-04-03 12:24:12,1775219052,R_100,622.82,1,0.18000000000006366,BACKFILL_AUTO
2026-04-03 12:24:14,1775219054,R_100,622.66,-1,0.16000000000008185,BACKFILL_AUTO
2026-04-03 12:24:16,1775219056,R_100,622.7,1,0.04000000000007731,BACKFILL_AUTO
2026-04-03 12:24:18,1775219058,R_100,622.75,1,0.049999999999954525,BACKFILL_AUTO
2026-04-03 12:24:20,1775219060,R_100,623.02,1,0.2699999999999818,BACKFILL_AUTO
2026-04-03 12:24:22,1775219062,R_100,622.84,-1,0.17999999999994998,BACKFILL_AUTO
2026-04-03 12:24:24,1775219064,R_100,623.0,1,0.15999999999996817,BACKFILL_AUTO
2026-04-03 12:24:26,1775219066,R_100,622.98,-1,0.01999999999998181,BACKFILL_AUTO
2026-04-03 12:24:28,1775219068,R_100,623.05,1,0.06999999999993634,BACKFILL_AUTO
2026-04-03 12:24:30,1775219070,R_100,623.2,1,0.15000000000009095,BACKFILL_AUTO
2026-04-03 12:24:32,1775219072,R_100,623.09,-1,0.11000000000001364,BACKFILL_AUTO
2026-04-03 12:24:34,1775219074,R_100,623.06,-1,0.030000000000086402,BACKFILL_AUTO
2026-04-03 12:24:36,1775219076,R_100,623.06,0,0.0,BACKFILL_AUTO
2026-04-03 12:24:38,1775219078,R_100,623.07,1,0.010000000000104592,BACKFILL_AUTO
2026-04-03 12:24:40,1775219080,R_100,623.31,1,0.2399999999998954,BACKFILL_AUTO
2026-04-03 12:24:42,1775219082,R_100,623.4,1,0.09000000000003183,BACKFILL_AUTO
2026-04-03 12:24:44,1775219084,R_100,623.44,1,0.04000000000007731,BACKFILL_AUTO
2026-04-03 12:24:46,1775219086,R_100,623.52,1,0.07999999999992724,BACKFILL_AUTO
2026-04-03 12:24:48,1775219088,R_100,623.87,1,0.35000000000002274,BACKFILL_AUTO
2026-04-03 12:24:50,1775219090,R_100,623.74,-1,0.12999999999999545,BACKFILL_AUTO
2026-04-03 12:24:52,1775219092,R_100,624.0,1,0.2599999999999909,BACKFILL_AUTO
2026-04-03 12:24:54,1775219094,R_100,623.99,-1,0.009999999999990905,BACKFILL_AUTO
2026-04-03 12:24:56,1775219096,R_100,623.68,-1,0.3100000000000591,BACKFILL_AUTO
2026-04-03 12:24:58,1775219098,R_100,623.92,1,0.2400000000000091,BACKFILL_AUTO
2026-04-03 12:25:00,1775219100,R_100,623.85,-1,0.06999999999993634,BACKFILL_AUTO
2026-04-03 12:25:02,1775219102,R_100,623.86,1,0.009999999999990905,BACKFILL_AUTO
2026-04-03 12:25:04,1775219104,R_100,623.9,1,0.03999999999996362,BACKFILL_AUTO
2026-04-03 12:25:06,1775219106,R_100,623.95,1,0.05000000000006821,BACKFILL_AUTO
2026-04-03 12:25:08,1775219108,R_100,623.9,-1,0.05000000000006821,BACKFILL_AUTO
2026-04-03 12:25:10,1775219110,R_100,623.63,-1,0.2699999999999818,BACKFILL_AUTO
2026-04-03 12:25:12,1775219112,R_100,623.44,-1,0.18999999999994088,BACKFILL_AUTO
2026-04-03 12:25:14,1775219114,R_100,623.74,1,0.2999999999999545,BACKFILL_AUTO
2026-04-03 12:25:16,1775219116,R_100,623.54,-1,0.20000000000004547,BACKFILL_AUTO
2026-04-03 12:25:18,1775219118,R_100,623.66,1,0.12000000000000455,BACKFILL_AUTO
2026-04-03 12:25:20,1775219120,R_100,624.17,1,0.5099999999999909,BACKFILL_AUTO
2026-04-03 12:25:22,1775219122,R_100,624.24,1,0.07000000000005002,BACKFILL_AUTO
2026-04-03 12:25:24,1775219124,R_100,624.46,1,0.22000000000002728,BACKFILL_AUTO
2026-04-03 12:25:26,1775219126,R_100,624.19,-1,0.2699999999999818,BACKFILL_AUTO
2026-04-03 12:25:28,1775219128,R_100,624.15,-1,0.04000000000007731,BACKFILL_AUTO
2026-04-03 12:25:30,1775219130,R_100,624.14,-1,0.009999999999990905,BACKFILL_AUTO
2026-04-03 12:25:32,1775219132,R_100,623.98,-1,0.15999999999996817,BACKFILL_AUTO
2026-04-03 12:25:34,1775219134,R_100,624.11,1,0.12999999999999545,BACKFILL_AUTO
2026-04-03 12:25:36,1775219136,R_100,624.11,0,0.0,BACKFILL_AUTO
2026-04-03 12:25:38,1775219138,R_100,624.04,-1,0.07000000000005002,BACKFILL_AUTO
2026-04-03 12:25:40,1775219140,R_100,624.11,1,0.07000000000005002,BACKFILL_AUTO
2026-04-03 12:25:42,1775219142,R_100,624.11,0,0.0,BACKFILL_AUTO
2026-04-03 12:25:44,1775219144,R_100,624.09,-1,0.01999999999998181,BACKFILL_AUTO
2026-04-03 12:25:46,1775219146,R_100,624.17,1,0.07999999999992724,BACKFILL_AUTO
2026-04-03 12:25:48,1775219148,R_100,624.4,1,0.2300000000000182,BACKFILL_AUTO
2026-04-03 12:25:50,1775219150,R_100,624.55,1,0.14999999999997726,BACKFILL_AUTO
2026-04-03 12:25:52,1775219152,R_100,624.68,1,0.12999999999999545,BACKFILL_AUTO
2026-04-03 12:25:54,1775219154,R_100,624.71,1,0.030000000000086402,BACKFILL_AUTO
2026-04-03 12:25:56,1775219156,R_100,624.82,1,0.11000000000001364,BACKFILL_AUTO
2026-04-03 12:25:58,1775219158,R_100,624.95,1,0.12999999999999545,BACKFILL_AUTO
2026-04-03 12:26:00,1775219160,R_100,624.82,-1,0.12999999999999545,BACKFILL_AUTO
2026-04-03 12:26:02,1775219162,R_100,624.9,1,0.07999999999992724,BACKFILL_AUTO
2026-04-03 12:26:04,1775219164,R_100,624.94,1,0.04000000000007731,BACKFILL_AUTO
2026-04-03 12:26:06,1775219166,R_100,624.88,-1,0.06000000000005912,BACKFILL_AUTO
2026-04-03 12:26:08,1775219168,R_100,624.81,-1,0.07000000000005002,BACKFILL_AUTO
2026-04-03 12:26:10,1775219170,R_100,624.92,1,0.11000000000001364,BACKFILL_AUTO
2026-04-03 12:26:12,1775219172,R_100,624.82,-1,0.09999999999990905,BACKFILL_AUTO
2026-04-03 12:26:14,1775219174,R_100,624.72,-1,0.10000000000002274,BACKFILL_AUTO
2026-04-03 12:26:16,1775219176,R_100,624.6,-1,0.12000000000000455,BACKFILL_AUTO
2026-04-03 12:26:18,1775219178,R_100,624.22,-1,0.37999999999999545,BACKFILL_AUTO
2026-04-03 12:26:20,1775219180,R_100,624.4,1,0.17999999999994998,BACKFILL_AUTO
2026-04-03 12:26:22,1775219182,R_100,624.14,-1,0.2599999999999909,BACKFILL_AUTO
2026-04-03 12:26:24,1775219184,R_100,623.82,-1,0.31999999999993634,BACKFILL_AUTO
2026-04-03 12:26:26,1775219186,R_100,623.6,-1,0.22000000000002728,BACKFILL_AUTO
2026-04-03 12:26:28,1775219188,R_100,623.44,-1,0.15999999999996817,BACKFILL_AUTO
2026-04-03 12:26:30,1775219190,R_100,623.65,1,0.2099999999999227,BACKFILL_AUTO
2026-04-03 12:26:32,1775219192,R_100,623.52,-1,0.12999999999999545,BACKFILL_AUTO
2026-04-03 12:26:34,1775219194,R_100,623.22,-1,0.2999999999999545,BACKFILL_AUTO
2026-04-03 12:26:36,1775219196,R_100,622.83,-1,0.38999999999998636,BACKFILL_AUTO
2026-04-03 12:26:38,1775219198,R_100,622.95,1,0.12000000000000455,BACKFILL_AUTO
2026-04-03 12:26:40,1775219200,R_100,622.94,-1,0.009999999999990905,BACKFILL_AUTO
2026-04-03 12:26:42,1775219202,R_100,623.17,1,0.2299999999999045,BACKFILL_AUTO
2026-04-03 12:26:44,1775219204,R_100,622.97,-1,0.1999999999999318,BACKFILL_AUTO
2026-04-03 12:26:46,1775219206,R_100,623.0,1,0.029999999999972715,BACKFILL_AUTO
2026-04-03 12:26:48,1775219208,R_100,622.95,-1,0.049999999999954525,BACKFILL_AUTO
2026-04-03 12:26:50,1775219210,R_100,623.01,1,0.05999999999994543,BACKFILL_AUTO
2026-04-03 12:26:52,1775219212,R_100,623.25,1,0.2400000000000091,BACKFILL_AUTO
2026-04-03 12:26:54,1775219214,R_100,623.35,1,0.10000000000002274,BACKFILL_AUTO
2026-04-03 12:26:56,1775219216,R_100,623.22,-1,0.12999999999999545,BACKFILL_AUTO
2026-04-03 12:26:58,1775219218,R_100,623.26,1,0.03999999999996362,BACKFILL_AUTO
2026-04-03 12:27:00,1775219220,R_100,623.14,-1,0.12000000000000455,BACKFILL_AUTO
2026-04-03 12:27:02,1775219222,R_100,623.05,-1,0.09000000000003183,BACKFILL_AUTO
2026-04-03 12:27:04,1775219224,R_100,623.06,1,0.009999999999990905,BACKFILL_AUTO
2026-04-03 12:27:06,1775219226,R_100,622.8,-1,0.2599999999999909,BACKFILL_AUTO
2026-04-03 12:27:08,1775219228,R_100,622.81,1,0.009999999999990905,BACKFILL_AUTO
2026-04-03 12:27:10,1775219230,R_100,622.8,-1,0.009999999999990905,BACKFILL_AUTO
2026-04-03 12:27:12,1775219232,R_100,622.84,1,0.04000000000007731,BACKFILL_AUTO
2026-04-03 12:27:14,1775219234,R_100,622.94,1,0.10000000000002274,BACKFILL_AUTO
2026-04-03 12:27:16,1775219236,R_100,622.68,-1,0.2600000000001046,BACKFILL_AUTO
2026-04-03 12:27:18,1775219238,R_100,623.03,1,0.35000000000002274,BACKFILL_AUTO
2026-04-03 12:27:20,1775219240,R_100,622.95,-1,0.07999999999992724,BACKFILL_AUTO
2026-04-03 12:27:22,1775219242,R_100,623.03,1,0.07999999999992724,BACKFILL_AUTO
2026-04-03 12:27:24,1775219244,R_100,623.02,-1,0.009999999999990905,BACKFILL_AUTO
2026-04-03 12:27:26,1775219246,R_100,622.96,-1,0.05999999999994543,BACKFILL_AUTO
2026-04-03 12:27:28,1775219248,R_100,622.9,-1,0.06000000000005912,BACKFILL_AUTO
2026-04-03 12:27:30,1775219250,R_100,622.8,-1,0.10000000000002274,BACKFILL_AUTO
2026-04-03 12:27:32,1775219252,R_100,622.83,1,0.030000000000086402,BACKFILL_AUTO
2026-04-03 12:27:34,1775219254,R_100,622.99,1,0.15999999999996817,BACKFILL_AUTO
2026-04-03 12:27:36,1775219256,R_100,622.84,-1,0.14999999999997726,BACKFILL_AUTO
2026-04-03 12:27:38,1775219258,R_100,622.89,1,0.049999999999954525,BACKFILL_AUTO
2026-04-03 12:27:40,1775219260,R_100,622.82,-1,0.06999999999993634,BACKFILL_AUTO
2026-04-03 12:27:42,1775219262,R_100,622.78,-1,0.04000000000007731,BACKFILL_AUTO
2026-04-03 12:27:44,1775219264,R_100,623.03,1,0.25,BACKFILL_AUTO
2026-04-03 12:27:46,1775219266,R_100,623.08,1,0.05000000000006821,BACKFILL_AUTO
2026-04-03 12:27:48,1775219268,R_100,623.03,-1,0.05000000000006821,BACKFILL_AUTO
2026-04-03 12:27:50,1775219270,R_100,623.4,1,0.37000000000000455,BACKFILL_AUTO
2026-04-03 12:27:52,1775219272,R_100,623.25,-1,0.14999999999997726,BACKFILL_AUTO
2026-04-03 12:27:54,1775219274,R_100,623.49,1,0.2400000000000091,BACKFILL_AUTO
2026-04-03 12:27:56,1775219276,R_100,623.26,-1,0.2300000000000182,BACKFILL_AUTO
2026-04-03 12:27:58,1775219278,R_100,623.33,1,0.07000000000005002,BACKFILL_AUTO
2026-04-03 12:28:00,1775219280,R_100,623.33,0,0.0,BACKFILL_AUTO
2026-04-03 12:28:02,1775219282,R_100,623.44,1,0.11000000000001364,BACKFILL_AUTO
2026-04-03 12:28:04,1775219284,R_100,623.25,-1,0.19000000000005457,BACKFILL_AUTO
2026-04-03 12:28:06,1775219286,R_100,622.93,-1,0.32000000000005,BACKFILL_AUTO
2026-04-03 12:28:08,1775219288,R_100,622.71,-1,0.2199999999999136,BACKFILL_AUTO
2026-04-03 12:28:10,1775219290,R_100,622.51,-1,0.20000000000004547,BACKFILL_AUTO
2026-04-03 12:28:12,1775219292,R_100,622.4,-1,0.11000000000001364,BACKFILL_AUTO
2026-04-03 12:28:14,1775219294,R_100,622.24,-1,0.15999999999996817,BACKFILL_AUTO
2026-04-03 12:28:16,1775219296,R_100,622.28,1,0.03999999999996362,BACKFILL_AUTO
2026-04-03 12:28:18,1775219298,R_100,622.15,-1,0.12999999999999545,BACKFILL_AUTO
2026-04-03 12:28:20,1775219300,R_100,622.24,1,0.09000000000003183,BACKFILL_AUTO
2026-04-03 12:28:22,1775219302,R_100,622.29,1,0.049999999999954525,BACKFILL_AUTO
2026-04-03 12:28:24,1775219304,R_100,622.14,-1,0.14999999999997726,BACKFILL_AUTO
2026-04-03 12:28:26,1775219306,R_100,622.03,-1,0.11000000000001364,BACKFILL_AUTO
2026-04-03 12:28:28,1775219308,R_100,622.13,1,0.10000000000002274,BACKFILL_AUTO
2026-04-03 12:28:30,1775219310,R_100,622.26,1,0.12999999999999545,BACKFILL_AUTO
2026-04-03 12:28:32,1775219312,R_100,622.39,1,0.12999999999999545,BACKFILL_AUTO
2026-04-03 12:28:34,1775219314,R_100,622.49,1,0.10000000000002274,BACKFILL_AUTO
2026-04-03 12:28:36,1775219316,R_100,622.67,1,0.17999999999994998,BACKFILL_AUTO
2026-04-03 12:28:38,1775219318,R_100,622.46,-1,0.2099999999999227,BACKFILL_AUTO
2026-04-03 12:28:40,1775219320,R_100,622.42,-1,0.04000000000007731,BACKFILL_AUTO
2026-04-03 12:28:42,1775219322,R_100,622.51,1,0.09000000000003183,BACKFILL_AUTO
2026-04-03 12:28:44,1775219324,R_100,622.44,-1,0.06999999999993634,BACKFILL_AUTO
2026-04-03 12:28:46,1775219326,R_100,622.44,0,0.0,BACKFILL_AUTO
2026-04-03 12:28:48,1775219328,R_100,622.59,1,0.14999999999997726,BACKFILL_AUTO
2026-04-03 12:28:50,1775219330,R_100,622.38,-1,0.21000000000003638,BACKFILL_AUTO
2026-04-03 12:28:52,1775219332,R_100,622.45,1,0.07000000000005002,BACKFILL_AUTO
2026-04-03 12:28:54,1775219334,R_100,622.74,1,0.2899999999999636,BACKFILL_AUTO
2026-04-03 12:28:56,1775219336,R_100,622.74,0,0.0,BACKFILL_AUTO
2026-04-03 12:28:58,1775219338,R_100,622.77,1,0.029999999999972715,BACKFILL_AUTO
2026-04-03 12:29:00,1775219340,R_100,622.62,-1,0.14999999999997726,BACKFILL_AUTO
2026-04-03 12:29:02,1775219342,R_100,622.62,0,0.0,BACKFILL_AUTO
2026-04-03 12:29:04,1775219344,R_100,622.48,-1,0.13999999999998636,BACKFILL_AUTO
2026-04-03 12:29:06,1775219346,R_100,622.29,-1,0.19000000000005457,BACKFILL_AUTO
2026-04-03 12:29:08,1775219348,R_100,622.42,1,0.12999999999999545,BACKFILL_AUTO
2026-04-03 12:29:10,1775219350,R_100,622.42,0,0.0,BACKFILL_AUTO
2026-04-03 12:29:12,1775219352,R_100,622.62,1,0.20000000000004547,BACKFILL_AUTO
2026-04-03 12:29:14,1775219354,R_100,622.4,-1,0.22000000000002728,BACKFILL_AUTO
2026-04-03 12:29:16,1775219356,R_100,622.52,1,0.12000000000000455,BACKFILL_AUTO
2026-04-03 12:29:18,1775219358,R_100,622.56,1,0.03999999999996362,BACKFILL_AUTO
2026-04-03 12:29:20,1775219360,R_100,622.73,1,0.17000000000007276,BACKFILL_AUTO
2026-04-03 12:29:22,1775219362,R_100,622.58,-1,0.14999999999997726,BACKFILL_AUTO
2026-04-03 12:29:24,1775219364,R_100,622.83,1,0.25,BACKFILL_AUTO
2026-04-03 12:29:26,1775219366,R_100,622.76,-1,0.07000000000005002,BACKFILL_AUTO
2026-04-03 12:29:28,1775219368,R_100,622.66,-1,0.10000000000002274,BACKFILL_AUTO
2026-04-03 12:29:30,1775219370,R_100,622.86,1,0.20000000000004547,BACKFILL_AUTO
2026-04-03 12:29:32,1775219372,R_100,622.77,-1,0.09000000000003183,BACKFILL_AUTO
2026-04-03 12:29:34,1775219374,R_100,622.74,-1,0.029999999999972715,BACKFILL_AUTO
2026-04-03 12:29:36,1775219376,R_100,622.7,-1,0.03999999999996362,BACKFILL_AUTO
2026-04-03 12:29:38,1775219378,R_100,622.93,1,0.2299999999999045,BACKFILL_AUTO
2026-04-03 12:29:40,1775219380,R_100,622.99,1,0.06000000000005912,BACKFILL_AUTO
2026-04-03 12:29:42,1775219382,R_100,622.85,-1,0.13999999999998636,BACKFILL_AUTO
2026-04-03 12:29:44,1775219384,R_100,622.87,1,0.01999999999998181,BACKFILL_AUTO
2026-04-03 12:29:46,1775219386,R_100,622.77,-1,0.10000000000002274,BACKFILL_AUTO
2026-04-03 12:29:48,1775219388,R_100,622.93,1,0.15999999999996817,BACKFILL_AUTO
2026-04-03 12:29:50,1775219390,R_100,622.97,1,0.04000000000007731,BACKFILL_AUTO
2026-04-03 12:29:52,1775219392,R_100,623.54,1,0.5699999999999363,BACKFILL_AUTO
2026-04-03 12:29:54,1775219394,R_100,623.41,-1,0.12999999999999545,BACKFILL_AUTO
2026-04-03 12:29:56,1775219396,R_100,623.39,-1,0.01999999999998181,BACKFILL_AUTO
2026-04-03 12:29:58,1775219398,R_100,623.51,1,0.12000000000000455,BACKFILL_AUTO
2026-04-03 12:30:00,1775219400,R_100,623.37,-1,0.13999999999998636,BACKFILL_AUTO
2026-04-03 12:30:02,1775219402,R_100,623.38,1,0.009999999999990905,BACKFILL_AUTO
2026-04-03 12:30:04,1775219404,R_100,623.29,-1,0.09000000000003183,BACKFILL_AUTO
2026-04-03 12:30:06,1775219406,R_100,623.22,-1,0.06999999999993634,BACKFILL_AUTO
2026-04-03 12:30:08,1775219408,R_100,623.54,1,0.31999999999993634,BACKFILL_AUTO
2026-04-03 12:30:10,1775219410,R_100,623.48,-1,0.05999999999994543,BACKFILL_AUTO
2026-04-03 12:30:12,1775219412,R_100,623.54,1,0.05999999999994543,BACKFILL_AUTO
2026-04-03 12:30:14,1775219414,R_100,623.42,-1,0.12000000000000455,BACKFILL_AUTO
2026-04-03 12:30:16,1775219416,R_100,623.27,-1,0.14999999999997726,BACKFILL_AUTO
2026-04-03 12:30:18,1775219418,R_100,623.34,1,0.07000000000005002,BACKFILL_AUTO
2026-04-03 12:30:20,1775219420,R_100,623.21,-1,0.12999999999999545,BACKFILL_AUTO
2026-04-03 12:30:22,1775219422,R_100,623.5,1,0.2899999999999636,BACKFILL_AUTO
2026-04-03 12:30:24,1775219424,R_100,623.67,1,0.16999999999995907,BACKFILL_AUTO
2026-04-03 12:30:26,1775219426,R_100,623.4,-1,0.2699999999999818,BACKFILL_AUTO
2026-04-03 12:30:28,1775219428,R_100,623.16,-1,0.2400000000000091,BACKFILL_AUTO
2026-04-03 12:30:30,1775219430,R_100,623.25,1,0.09000000000003183,BACKFILL_AUTO
2026-04-03 12:30:32,1775219432,R_100,623.51,1,0.2599999999999909,BACKFILL_AUTO
2026-04-03 12:30:34,1775219434,R_100,623.53,1,0.01999999999998181,BACKFILL_AUTO
2026-04-03 12:30:36,1775219436,R_100,623.47,-1,0.05999999999994543,BACKFILL_AUTO
2026-04-03 12:30:38,1775219438,R_100,623.65,1,0.17999999999994998,BACKFILL_AUTO
2026-04-03 12:30:40,1775219440,R_100,623.98,1,0.3300000000000409,BACKFILL_AUTO
2026-04-03 12:30:42,1775219442,R_100,623.89,-1,0.09000000000003183,BACKFILL_AUTO
2026-04-03 12:30:44,1775219444,R_100,624.04,1,0.14999999999997726,BACKFILL_AUTO
2026-04-03 12:30:46,1775219446,R_100,624.36,1,0.32000000000005,BACKFILL_AUTO
2026-04-03 12:30:48,1775219448,R_100,624.36,0,0.0,BACKFILL_AUTO
2026-04-03 12:30:50,1775219450,R_100,624.69,1,0.3300000000000409,BACKFILL_AUTO
2026-04-03 12:30:52,1775219452,R_100,624.69,0,0.0,BACKFILL_AUTO
2026-04-03 12:30:54,1775219454,R_100,624.43,-1,0.2600000000001046,BACKFILL_AUTO
2026-04-03 12:30:56,1775219456,R_100,624.35,-1,0.07999999999992724,BACKFILL_AUTO
2026-04-03 12:30:58,1775219458,R_100,624.16,-1,0.19000000000005457,BACKFILL_AUTO
2026-04-03 12:31:00,1775219460,R_100,623.94,-1,0.2199999999999136,BACKFILL_AUTO
2026-04-03 12:31:02,1775219462,R_100,623.72,-1,0.22000000000002728,BACKFILL_AUTO
2026-04-03 12:31:04,1775219464,R_100,623.7,-1,0.01999999999998181,BACKFILL_AUTO
2026-04-03 12:31:06,1775219466,R_100,623.79,1,0.08999999999991815,BACKFILL_AUTO
2026-04-03 12:31:08,1775219468,R_100,623.51,-1,0.2799999999999727,BACKFILL_AUTO
2026-04-03 12:31:10,1775219470,R_100,623.64,1,0.12999999999999545,BACKFILL_AUTO
2026-04-03 12:31:12,1775219472,R_100,623.79,1,0.14999999999997726,BACKFILL_AUTO
2026-04-03 12:31:14,1775219474,R_100,624.04,1,0.25,BACKFILL_AUTO
2026-04-03 12:31:16,1775219476,R_100,623.85,-1,0.18999999999994088,BACKFILL_AUTO
2026-04-03 12:31:18,1775219478,R_100,623.97,1,0.12000000000000455,BACKFILL_AUTO
2026-04-03 12:31:20,1775219480,R_100,623.66,-1,0.3100000000000591,BACKFILL_AUTO
2026-04-03 12:31:22,1775219482,R_100,623.77,1,0.11000000000001364,BACKFILL_AUTO
2026-04-03 12:31:24,1775219484,R_100,623.67,-1,0.10000000000002274,BACKFILL_AUTO
2026-04-03 12:31:26,1775219486,R_100,623.86,1,0.19000000000005457,BACKFILL_AUTO
2026-04-03 12:31:28,1775219488,R_100,623.82,-1,0.03999999999996362,BACKFILL_AUTO
2026-04-03 12:31:30,1775219490,R_100,623.68,-1,0.14000000000010004,BACKFILL_AUTO
2026-04-03 12:31:32,1775219492,R_100,623.42,-1,0.2599999999999909,BACKFILL_AUTO
2026-04-03 12:31:34,1775219494,R_100,623.28,-1,0.13999999999998636,BACKFILL_AUTO
2026-04-03 12:31:36,1775219496,R_100,623.43,1,0.14999999999997726,BACKFILL_AUTO
2026-04-03 12:31:38,1775219498,R_100,623.69,1,0.2600000000001046,BACKFILL_AUTO
2026-04-03 12:31:40,1775219500,R_100,623.7,1,0.009999999999990905,BACKFILL_AUTO
2026-04-03 12:31:42,1775219502,R_100,623.94,1,0.2400000000000091,BACKFILL_AUTO
2026-04-03 12:31:44,1775219504,R_100,623.93,-1,0.010000000000104592,BACKFILL_AUTO
2026-04-03 12:31:46,1775219506,R_100,623.74,-1,0.18999999999994088,BACKFILL_AUTO
2026-04-03 12:31:48,1775219508,R_100,623.79,1,0.049999999999954525,BACKFILL_AUTO
2026-04-03 12:31:50,1775219510,R_100,623.61,-1,0.17999999999994998,BACKFILL_AUTO
2026-04-03 12:31:52,1775219512,R_100,623.79,1,0.17999999999994998,BACKFILL_AUTO
2026-04-03 12:31:54,1775219514,R_100,623.88,1,0.09000000000003183,BACKFILL_AUTO
2026-04-03 12:31:56,1775219516,R_100,624.0,1,0.12000000000000455,BACKFILL_AUTO
2026-04-03 12:31:58,1775219518,R_100,623.86,-1,0.13999999999998636,BACKFILL_AUTO
2026-04-03 12:32:00,1775219520,R_100,624.06,1,0.1999999999999318,BACKFILL_AUTO
2026-04-03 12:32:02,1775219522,R_100,623.97,-1,0.08999999999991815,BACKFILL_AUTO
2026-04-03 12:32:04,1775219524,R_100,624.12,1,0.14999999999997726,BACKFILL_AUTO
2026-04-03 12:32:06,1775219526,R_100,624.26,1,0.13999999999998636,BACKFILL_AUTO
2026-04-03 12:32:08,1775219528,R_100,624.23,-1,0.029999999999972715,BACKFILL_AUTO
2026-04-03 12:32:10,1775219530,R_100,624.36,1,0.12999999999999545,BACKFILL_AUTO
2026-04-03 12:32:12,1775219532,R_100,624.4,1,0.03999999999996362,BACKFILL_AUTO
2026-04-03 12:32:14,1775219534,R_100,624.74,1,0.34000000000003183,BACKFILL_AUTO
2026-04-03 12:32:16,1775219536,R_100,624.71,-1,0.029999999999972715,BACKFILL_AUTO
2026-04-03 12:32:18,1775219538,R_100,625.12,1,0.40999999999996817,BACKFILL_AUTO
2026-04-03 12:32:20,1775219540,R_100,625.17,1,0.049999999999954525,BACKFILL_AUTO
2026-04-03 12:32:22,1775219542,R_100,625.38,1,0.21000000000003638,BACKFILL_AUTO
2026-04-03 12:32:24,1775219544,R_100,625.47,1,0.09000000000003183,BACKFILL_AUTO
2026-04-03 12:32:26,1775219546,R_100,625.37,-1,0.10000000000002274,BACKFILL_AUTO
2026-04-03 12:32:28,1775219548,R_100,625.18,-1,0.19000000000005457,BACKFILL_AUTO
2026-04-03 12:32:30,1775219550,R_100,624.96,-1,0.2199999999999136,BACKFILL_AUTO
2026-04-03 12:32:32,1775219552,R_100,624.79,-1,0.17000000000007276,BACKFILL_AUTO
2026-04-03 12:32:34,1775219554,R_100,624.8,1,0.009999999999990905,BACKFILL_AUTO
2026-04-03 12:32:36,1775219556,R_100,624.9,1,0.10000000000002274,BACKFILL_AUTO
2026-04-03 12:32:38,1775219558,R_100,625.06,1,0.15999999999996817,BACKFILL_AUTO
2026-04-03 12:32:40,1775219560,R_100,625.04,-1,0.01999999999998181,BACKFILL_AUTO
2026-04-03 12:32:42,1775219562,R_100,624.86,-1,0.17999999999994998,BACKFILL_AUTO
2026-04-03 12:32:44,1775219564,R_100,624.7,-1,0.15999999999996817,BACKFILL_AUTO
2026-04-03 12:32:46,1775219566,R_100,624.78,1,0.07999999999992724,BACKFILL_AUTO
2026-04-03 12:32:48,1775219568,R_100,624.68,-1,0.10000000000002274,BACKFILL_AUTO
2026-04-03 12:32:50,1775219570,R_100,624.62,-1,0.05999999999994543,BACKFILL_AUTO
2026-04-03 12:32:52,1775219572,R_100,624.61,-1,0.009999999999990905,BACKFILL_AUTO
2026-04-03 12:32:54,1775219574,R_100,624.68,1,0.06999999999993634,BACKFILL_AUTO
2026-04-03 12:32:56,1775219576,R_100,624.66,-1,0.01999999999998181,BACKFILL_AUTO
2026-04-03 12:32:58,1775219578,R_100,624.52,-1,0.13999999999998636,BACKFILL_AUTO
2026-04-03 12:33:00,1775219580,R_100,624.52,0,0.0,BACKFILL_AUTO
2026-04-03 12:33:02,1775219582,R_100,624.47,-1,0.049999999999954525,BACKFILL_AUTO
2026-04-03 12:33:04,1775219584,R_100,623.9,-1,0.57000000000005,BACKFILL_AUTO
2026-04-03 12:33:06,1775219586,R_100,623.94,1,0.04000000000007731,BACKFILL_AUTO
2026-04-03 12:33:08,1775219588,R_100,623.74,-1,0.20000000000004547,BACKFILL_AUTO
2026-04-03 12:33:10,1775219590,R_100,623.88,1,0.13999999999998636,BACKFILL_AUTO
2026-04-03 12:33:12,1775219592,R_100,623.54,-1,0.34000000000003183,BACKFILL_AUTO
2026-04-03 12:33:14,1775219594,R_100,623.49,-1,0.049999999999954525,BACKFILL_AUTO
2026-04-03 12:33:16,1775219596,R_100,623.54,1,0.049999999999954525,BACKFILL_AUTO
2026-04-03 12:33:18,1775219598,R_100,623.64,1,0.10000000000002274,BACKFILL_AUTO
2026-04-03 12:33:20,1775219600,R_100,623.52,-1,0.12000000000000455,BACKFILL_AUTO
2026-04-03 12:33:22,1775219602,R_100,623.31,-1,0.21000000000003638,BACKFILL_AUTO
2026-04-03 12:33:24,1775219604,R_100,623.21,-1,0.09999999999990905,BACKFILL_AUTO
2026-04-03 12:33:26,1775219606,R_100,623.24,1,0.029999999999972715,BACKFILL_AUTO
2026-04-03 12:33:28,1775219608,R_100,623.32,1,0.08000000000004093,BACKFILL_AUTO
2026-04-03 12:33:30,1775219610,R_100,623.37,1,0.049999999999954525,BACKFILL_AUTO
2026-04-03 12:33:32,1775219612,R_100,623.44,1,0.07000000000005002,BACKFILL_AUTO
2026-04-03 12:33:34,1775219614,R_100,623.21,-1,0.2300000000000182,BACKFILL_AUTO
2026-04-03 12:33:36,1775219616,R_100,623.11,-1,0.10000000000002274,BACKFILL_AUTO
2026-04-03 12:33:38,1775219618,R_100,622.87,-1,0.2400000000000091,BACKFILL_AUTO
2026-04-03 12:33:40,1775219620,R_100,622.75,-1,0.12000000000000455,BACKFILL_AUTO
2026-04-03 12:33:42,1775219622,R_100,622.76,1,0.009999999999990905,BACKFILL_AUTO
2026-04-03 12:33:44,1775219624,R_100,622.68,-1,0.08000000000004093,BACKFILL_AUTO
2026-04-03 12:33:46,1775219626,R_100,622.89,1,0.21000000000003638,BACKFILL_AUTO
2026-04-03 12:33:48,1775219628,R_100,622.73,-1,0.15999999999996817,BACKFILL_AUTO
2026-04-03 12:33:50,1775219630,R_100,622.59,-1,0.13999999999998636,BACKFILL_AUTO
2026-04-03 12:33:52,1775219632,R_100,622.77,1,0.17999999999994998,BACKFILL_AUTO
2026-04-03 12:33:54,1775219634,R_100,622.64,-1,0.12999999999999545,BACKFILL_AUTO
2026-04-03 12:33:56,1775219636,R_100,622.67,1,0.029999999999972715,BACKFILL_AUTO
2026-04-03 12:33:58,1775219638,R_100,622.52,-1,0.14999999999997726,BACKFILL_AUTO
2026-04-03 12:34:00,1775219640,R_100,622.62,1,0.10000000000002274,BACKFILL_AUTO
2026-04-03 12:34:02,1775219642,R_100,622.35,-1,0.2699999999999818,BACKFILL_AUTO
2026-04-03 12:34:04,1775219644,R_100,622.13,-1,0.22000000000002728,BACKFILL_AUTO
2026-04-03 12:34:06,1775219646,R_100,622.04,-1,0.09000000000003183,BACKFILL_AUTO
2026-04-03 12:34:08,1775219648,R_100,622.41,1,0.37000000000000455,BACKFILL_AUTO
2026-04-03 12:34:10,1775219650,R_100,622.4,-1,0.009999999999990905,BACKFILL_AUTO
2026-04-03 12:34:12,1775219652,R_100,622.34,-1,0.05999999999994543,BACKFILL_AUTO
2026-04-03 12:34:14,1775219654,R_100,622.12,-1,0.22000000000002728,BACKFILL_AUTO
2026-04-03 12:34:16,1775219656,R_100,622.15,1,0.029999999999972715,BACKFILL_AUTO
2026-04-03 12:34:18,1775219658,R_100,622.11,-1,0.03999999999996362,BACKFILL_AUTO
2026-04-03 12:34:20,1775219660,R_100,622.02,-1,0.09000000000003183,BACKFILL_AUTO
2026-04-03 12:34:22,1775219662,R_100,621.82,-1,0.1999999999999318,BACKFILL_AUTO
2026-04-03 12:34:24,1775219664,R_100,621.7,-1,0.12000000000000455,BACKFILL_AUTO
2026-04-03 12:34:26,1775219666,R_100,621.75,1,0.049999999999954525,BACKFILL_AUTO
2026-04-03 12:34:28,1775219668,R_100,621.71,-1,0.03999999999996362,BACKFILL_AUTO
2026-04-03 12:34:30,1775219670,R_100,621.65,-1,0.06000000000005912,BACKFILL_AUTO
2026-04-03 12:34:32,1775219672,R_100,621.64,-1,0.009999999999990905,BACKFILL_AUTO
2026-04-03 12:34:34,1775219674,R_100,621.76,1,0.12000000000000455,BACKFILL_AUTO
2026-04-03 12:34:36,1775219676,R_100,621.87,1,0.11000000000001364,BACKFILL_AUTO
2026-04-03 12:34:38,1775219678,R_100,621.8,-1,0.07000000000005002,BACKFILL_AUTO
2026-04-03 12:34:40,1775219680,R_100,621.95,1,0.15000000000009095,BACKFILL_AUTO
2026-04-03 12:34:42,1775219682,R_100,622.05,1,0.09999999999990905,BACKFILL_AUTO
2026-04-03 12:34:44,1775219684,R_100,621.87,-1,0.17999999999994998,BACKFILL_AUTO
2026-04-03 12:34:46,1775219686,R_100,621.99,1,0.12000000000000455,BACKFILL_AUTO
2026-04-03 12:34:48,1775219688,R_100,622.18,1,0.18999999999994088,BACKFILL_AUTO
2026-04-03 12:34:50,1775219690,R_100,622.28,1,0.10000000000002274,BACKFILL_AUTO
2026-04-03 12:34:52,1775219692,R_100,622.14,-1,0.13999999999998636,BACKFILL_AUTO
2026-04-03 12:34:54,1775219694,R_100,622.32,1,0.18000000000006366,BACKFILL_AUTO
2026-04-03 12:34:56,1775219696,R_100,622.27,-1,0.05000000000006821,BACKFILL_AUTO
2026-04-03 12:34:58,1775219698,R_100,622.15,-1,0.12000000000000455,BACKFILL_AUTO
2026-04-03 12:35:00,1775219700,R_100,622.27,1,0.12000000000000455,BACKFILL_AUTO
2026-04-03 12:35:02,1775219702,R_100,622.19,-1,0.07999999999992724,BACKFILL_AUTO
2026-04-03 12:35:04,1775219704,R_100,622.4,1,0.2099999999999227,BACKFILL_AUTO
2026-04-03 12:35:06,1775219706,R_100,622.44,1,0.04000000000007731,BACKFILL_AUTO
2026-04-03 12:35:08,1775219708,R_100,622.46,1,0.01999999999998181,BACKFILL_AUTO
2026-04-03 12:35:10,1775219710,R_100,622.35,-1,0.11000000000001364,BACKFILL_AUTO
2026-04-03 12:35:12,1775219712,R_100,622.14,-1,0.21000000000003638,BACKFILL_AUTO
2026-04-03 12:35:14,1775219714,R_100,622.31,1,0.16999999999995907,BACKFILL_AUTO
2026-04-03 12:35:16,1775219716,R_100,622.25,-1,0.05999999999994543,BACKFILL_AUTO
2026-04-03 12:35:18,1775219718,R_100,622.34,1,0.09000000000003183,BACKFILL_AUTO
2026-04-03 12:35:20,1775219720,R_100,622.7,1,0.36000000000001364,BACKFILL_AUTO
2026-04-03 12:35:22,1775219722,R_100,622.7,0,0.0,BACKFILL_AUTO
2026-04-03 12:35:24,1775219724,R_100,622.33,-1,0.37000000000000455,BACKFILL_AUTO
2026-04-03 12:35:26,1775219726,R_100,622.15,-1,0.18000000000006366,BACKFILL_AUTO
2026-04-03 12:35:28,1775219728,R_100,622.09,-1,0.05999999999994543,BACKFILL_AUTO
2026-04-03 12:35:30,1775219730,R_100,622.42,1,0.32999999999992724,BACKFILL_AUTO
2026-04-03 12:35:32,1775219732,R_100,622.51,1,0.09000000000003183,BACKFILL_AUTO
2026-04-03 12:35:34,1775219734,R_100,622.84,1,0.3300000000000409,BACKFILL_AUTO
2026-04-03 12:35:36,1775219736,R_100,622.79,-1,0.05000000000006821,BACKFILL_AUTO
2026-04-03 12:35:38,1775219738,R_100,622.82,1,0.030000000000086402,BACKFILL_AUTO
2026-04-03 12:35:40,1775219740,R_100,622.77,-1,0.05000000000006821,BACKFILL_AUTO
2026-04-03 12:35:42,1775219742,R_100,622.48,-1,0.2899999999999636,BACKFILL_AUTO
2026-04-03 12:35:44,1775219744,R_100,622.04,-1,0.44000000000005457,BACKFILL_AUTO
2026-04-03 12:35:46,1775219746,R_100,622.03,-1,0.009999999999990905,BACKFILL_AUTO
2026-04-03 12:35:48,1775219748,R_100,621.97,-1,0.05999999999994543,BACKFILL_AUTO
2026-04-03 12:35:50,1775219750,R_100,621.73,-1,0.2400000000000091,BACKFILL_AUTO
2026-04-03 12:35:52,1775219752,R_100,621.69,-1,0.03999999999996362,BACKFILL_AUTO
2026-04-03 12:35:54,1775219754,R_100,621.74,1,0.049999999999954525,BACKFILL_AUTO
2026-04-03 12:35:56,1775219756,R_100,621.96,1,0.22000000000002728,BACKFILL_AUTO
2026-04-03 12:35:58,1775219758,R_100,622.01,1,0.049999999999954525,BACKFILL_AUTO
2026-04-03 12:36:00,1775219760,R_100,621.76,-1,0.25,BACKFILL_AUTO
2026-04-03 12:36:02,1775219762,R_100,621.81,1,0.049999999999954525,BACKFILL_AUTO
2026-04-03 12:36:04,1775219764,R_100,621.66,-1,0.14999999999997726,BACKFILL_AUTO
2026-04-03 12:36:06,1775219766,R_100,621.76,1,0.10000000000002274,BACKFILL_AUTO
2026-04-03 12:36:08,1775219768,R_100,621.74,-1,0.01999999999998181,BACKFILL_AUTO
2026-04-03 12:36:10,1775219770,R_100,621.68,-1,0.06000000000005912,BACKFILL_AUTO
2026-04-03 12:36:12,1775219772,R_100,621.88,1,0.20000000000004547,BACKFILL_AUTO
2026-04-03 12:36:14,1775219774,R_100,621.77,-1,0.11000000000001364,BACKFILL_AUTO
2026-04-03 12:36:16,1775219776,R_100,621.71,-1,0.05999999999994543,BACKFILL_AUTO
2026-04-03 12:36:18,1775219778,R_100,621.82,1,0.11000000000001364,BACKFILL_AUTO
2026-04-03 12:36:20,1775219780,R_100,621.87,1,0.049999999999954525,BACKFILL_AUTO
2026-04-03 12:36:22,1775219782,R_100,621.61,-1,0.2599999999999909,BACKFILL_AUTO
2026-04-03 12:36:24,1775219784,R_100,621.64,1,0.029999999999972715,BACKFILL_AUTO
2026-04-03 12:36:26,1775219786,R_100,621.61,-1,0.029999999999972715,BACKFILL_AUTO
2026-04-03 12:36:28,1775219788,R_100,621.72,1,0.11000000000001364,BACKFILL_AUTO
2026-04-03 12:36:30,1775219790,R_100,621.89,1,0.16999999999995907,BACKFILL_AUTO
2026-04-03 12:36:32,1775219792,R_100,621.95,1,0.06000000000005912,BACKFILL_AUTO
2026-04-03 12:36:34,1775219794,R_100,621.73,-1,0.22000000000002728,BACKFILL_AUTO
2026-04-03 12:36:36,1775219796,R_100,621.8,1,0.06999999999993634,BACKFILL_AUTO
2026-04-03 12:36:38,1775219798,R_100,621.76,-1,0.03999999999996362,BACKFILL_AUTO
2026-04-03 12:36:40,1775219800,R_100,621.89,1,0.12999999999999545,BACKFILL_AUTO
2026-04-03 12:36:42,1775219802,R_100,621.64,-1,0.25,BACKFILL_AUTO
2026-04-03 12:36:44,1775219804,R_100,621.82,1,0.18000000000006366,BACKFILL_AUTO
2026-04-03 12:36:46,1775219806,R_100,621.95,1,0.12999999999999545,BACKFILL_AUTO
2026-04-03 12:36:48,1775219808,R_100,621.94,-1,0.009999999999990905,BACKFILL_AUTO
2026-04-03 12:36:50,1775219810,R_100,622.0,1,0.05999999999994543,BACKFILL_AUTO
2026-04-03 12:36:52,1775219812,R_100,622.04,1,0.03999999999996362,BACKFILL_AUTO
2026-04-03 12:36:54,1775219814,R_100,621.81,-1,0.2300000000000182,BACKFILL_AUTO
2026-04-03 12:36:56,1775219816,R_100,621.51,-1,0.2999999999999545,BACKFILL_AUTO
2026-04-03 12:36:58,1775219818,R_100,621.47,-1,0.03999999999996362,BACKFILL_AUTO
2026-04-03 12:37:00,1775219820,R_100,621.31,-1,0.16000000000008185,BACKFILL_AUTO
2026-04-03 12:37:02,1775219822,R_100,621.25,-1,0.05999999999994543,BACKFILL_AUTO
2026-04-03 12:37:04,1775219824,R_100,621.11,-1,0.13999999999998636,BACKFILL_AUTO
2026-04-03 12:37:06,1775219826,R_100,621.07,-1,0.03999999999996362,BACKFILL_AUTO
2026-04-03 12:37:08,1775219828,R_100,621.05,-1,0.020000000000095497,BACKFILL_AUTO
2026-04-03 12:37:10,1775219830,R_100,620.94,-1,0.10999999999989996,BACKFILL_AUTO
2026-04-03 12:37:12,1775219832,R_100,620.87,-1,0.07000000000005002,BACKFILL_AUTO
2026-04-03 12:37:14,1775219834,R_100,620.65,-1,0.22000000000002728,BACKFILL_AUTO
2026-04-03 12:37:16,1775219836,R_100,620.72,1,0.07000000000005002,BACKFILL_AUTO
2026-04-03 12:37:18,1775219838,R_100,620.6,-1,0.12000000000000455,BACKFILL_AUTO
2026-04-03 12:37:20,1775219840,R_100,620.86,1,0.2599999999999909,BACKFILL_AUTO
2026-04-03 12:37:22,1775219842,R_100,620.73,-1,0.12999999999999545,BACKFILL_AUTO
2026-04-03 12:37:24,1775219844,R_100,620.77,1,0.03999999999996362,BACKFILL_AUTO
2026-04-03 12:37:26,1775219846,R_100,620.91,1,0.13999999999998636,BACKFILL_AUTO
2026-04-03 12:37:28,1775219848,R_100,621.0,1,0.09000000000003183,BACKFILL_AUTO
2026-04-03 12:37:30,1775219850,R_100,620.78,-1,0.22000000000002728,BACKFILL_AUTO
2026-04-03 12:37:32,1775219852,R_100,620.85,1,0.07000000000005002,BACKFILL_AUTO
2026-04-03 12:37:34,1775219854,R_100,621.0,1,0.14999999999997726,BACKFILL_AUTO
2026-04-03 12:37:36,1775219856,R_100,621.22,1,0.22000000000002728,BACKFILL_AUTO
2026-04-03 12:37:38,1775219858,R_100,621.35,1,0.12999999999999545,BACKFILL_AUTO
2026-04-03 12:37:40,1775219860,R_100,621.18,-1,0.17000000000007276,BACKFILL_AUTO
2026-04-03 12:37:42,1775219862,R_100,621.6,1,0.42000000000007276,BACKFILL_AUTO
2026-04-03 12:37:44,1775219864,R_100,621.59,-1,0.009999999999990905,BACKFILL_AUTO
2026-04-03 12:37:46,1775219866,R_100,621.7,1,0.11000000000001364,BACKFILL_AUTO
2026-04-03 12:37:48,1775219868,R_100,621.62,-1,0.08000000000004093,BACKFILL_AUTO
2026-04-03 12:37:50,1775219870,R_100,621.53,-1,0.09000000000003183,BACKFILL_AUTO
2026-04-03 12:37:52,1775219872,R_100,621.44,-1,0.08999999999991815,BACKFILL_AUTO
2026-04-03 12:37:54,1775219874,R_100,621.25,-1,0.19000000000005457,BACKFILL_AUTO
2026-04-03 12:37:56,1775219876,R_100,621.25,0,0.0,BACKFILL_AUTO
2026-04-03 12:37:58,1775219878,R_100,621.47,1,0.22000000000002728,BACKFILL_AUTO
2026-04-03 12:38:00,1775219880,R_100,621.45,-1,0.01999999999998181,BACKFILL_AUTO
2026-04-03 12:38:02,1775219882,R_100,621.6,1,0.14999999999997726,BACKFILL_AUTO
2026-04-03 12:38:04,1775219884,R_100,621.89,1,0.2899999999999636,BACKFILL_AUTO
2026-04-03 12:38:06,1775219886,R_100,621.64,-1,0.25,BACKFILL_AUTO
2026-04-03 12:38:08,1775219888,R_100,621.82,1,0.18000000000006366,BACKFILL_AUTO
2026-04-03 12:38:10,1775219890,R_100,621.97,1,0.14999999999997726,BACKFILL_AUTO
2026-04-03 12:38:12,1775219892,R_100,621.95,-1,0.01999999999998181,BACKFILL_AUTO
2026-04-03 12:38:14,1775219894,R_100,622.19,1,0.2400000000000091,BACKFILL_AUTO
2026-04-03 12:38:16,1775219896,R_100,622.4,1,0.2099999999999227,BACKFILL_AUTO
2026-04-03 12:38:18,1775219898,R_100,622.52,1,0.12000000000000455,BACKFILL_AUTO
2026-04-03 12:38:20,1775219900,R_100,622.75,1,0.2300000000000182,BACKFILL_AUTO
2026-04-03 12:38:22,1775219902,R_100,622.76,1,0.009999999999990905,BACKFILL_AUTO
2026-04-03 12:38:24,1775219904,R_100,622.71,-1,0.049999999999954525,BACKFILL_AUTO
2026-04-03 12:38:26,1775219906,R_100,622.65,-1,0.06000000000005912,BACKFILL_AUTO
2026-04-03 12:38:28,1775219908,R_100,622.87,1,0.22000000000002728,BACKFILL_AUTO
2026-04-03 12:38:30,1775219910,R_100,622.89,1,0.01999999999998181,BACKFILL_AUTO
2026-04-03 12:38:32,1775219912,R_100,622.96,1,0.07000000000005002,BACKFILL_AUTO
2026-04-03 12:38:34,1775219914,R_100,622.99,1,0.029999999999972715,BACKFILL_AUTO
2026-04-03 12:38:36,1775219916,R_100,622.73,-1,0.2599999999999909,BACKFILL_AUTO
2026-04-03 12:38:38,1775219918,R_100,622.5,-1,0.2300000000000182,BACKFILL_AUTO
2026-04-03 12:38:40,1775219920,R_100,622.41,-1,0.09000000000003183,BACKFILL_AUTO
2026-04-03 12:38:42,1775219922,R_100,622.44,1,0.030000000000086402,BACKFILL_AUTO
2026-04-03 12:38:44,1775219924,R_100,622.32,-1,0.12000000000000455,BACKFILL_AUTO
2026-04-03 12:38:46,1775219926,R_100,622.27,-1,0.05000000000006821,BACKFILL_AUTO
2026-04-03 12:38:48,1775219928,R_100,622.22,-1,0.049999999999954525,BACKFILL_AUTO
2026-04-03 12:38:50,1775219930,R_100,622.15,-1,0.07000000000005002,BACKFILL_AUTO
2026-04-03 12:38:52,1775219932,R_100,622.06,-1,0.09000000000003183,BACKFILL_AUTO
2026-04-03 12:38:54,1775219934,R_100,622.16,1,0.10000000000002274,BACKFILL_AUTO
2026-04-03 12:38:56,1775219936,R_100,622.23,1,0.07000000000005002,BACKFILL_AUTO
2026-04-03 12:38:58,1775219938,R_100,622.42,1,0.18999999999994088,BACKFILL_AUTO
2026-04-03 12:39:00,1775219940,R_100,622.34,-1,0.07999999999992724,BACKFILL_AUTO
2026-04-03 12:39:02,1775219942,R_100,622.35,1,0.009999999999990905,BACKFILL_AUTO
2026-04-03 12:39:04,1775219944,R_100,621.91,-1,0.44000000000005457,BACKFILL_AUTO
2026-04-03 12:39:06,1775219946,R_100,621.88,-1,0.029999999999972715,BACKFILL_AUTO
2026-04-03 12:39:08,1775219948,R_100,621.97,1,0.09000000000003183,BACKFILL_AUTO
2026-04-03 12:39:10,1775219950,R_100,621.84,-1,0.12999999999999545,BACKFILL_AUTO
2026-04-03 12:39:12,1775219952,R_100,622.02,1,0.17999999999994998,BACKFILL_AUTO
2026-04-03 12:39:14,1775219954,R_100,622.27,1,0.25,BACKFILL_AUTO
2026-04-03 12:39:16,1775219956,R_100,622.27,0,0.0,BACKFILL_AUTO
2026-04-03 12:39:18,1775219958,R_100,622.19,-1,0.07999999999992724,BACKFILL_AUTO
2026-04-03 12:39:20,1775219960,R_100,622.15,-1,0.04000000000007731,BACKFILL_AUTO
2026-04-03 12:39:22,1775219962,R_100,622.14,-1,0.009999999999990905,BACKFILL_AUTO
2026-04-03 12:39:24,1775219964,R_100,622.27,1,0.12999999999999545,BACKFILL_AUTO
2026-04-03 12:39:26,1775219966,R_100,622.49,1,0.22000000000002728,BACKFILL_AUTO
2026-04-03 12:39:28,1775219968,R_100,622.46,-1,0.029999999999972715,BACKFILL_AUTO
2026-04-03 12:39:30,1775219970,R_100,622.41,-1,0.05000000000006821,BACKFILL_AUTO
2026-04-03 12:39:32,1775219972,R_100,622.19,-1,0.2199999999999136,BACKFILL_AUTO
2026-04-03 12:39:34,1775219974,R_100,622.13,-1,0.06000000000005912,BACKFILL_AUTO
2026-04-03 12:39:36,1775219976,R_100,622.2,1,0.07000000000005002,BACKFILL_AUTO
2026-04-03 12:39:38,1775219978,R_100,622.23,1,0.029999999999972715,BACKFILL_AUTO
2026-04-03 12:39:40,1775219980,R_100,621.81,-1,0.42000000000007276,BACKFILL_AUTO
2026-04-03 12:39:42,1775219982,R_100,621.64,-1,0.16999999999995907,BACKFILL_AUTO
2026-04-03 12:39:44,1775219984,R_100,621.58,-1,0.05999999999994543,BACKFILL_AUTO
2026-04-03 12:39:46,1775219986,R_100,621.54,-1,0.04000000000007731,BACKFILL_AUTO
2026-04-03 12:39:48,1775219988,R_100,621.48,-1,0.05999999999994543,BACKFILL_AUTO
2026-04-03 12:39:50,1775219990,R_100,621.57,1,0.09000000000003183,BACKFILL_AUTO
2026-04-03 12:39:52,1775219992,R_100,621.66,1,0.08999999999991815,BACKFILL_AUTO
2026-04-03 12:39:54,1775219994,R_100,621.38,-1,0.2799999999999727,BACKFILL_AUTO
2026-04-03 12:39:56,1775219996,R_100,621.48,1,0.10000000000002274,BACKFILL_AUTO
2026-04-03 12:39:58,1775219998,R_100,621.46,-1,0.01999999999998181,BACKFILL_AUTO
2026-04-03 12:40:00,1775220000,R_100,621.55,1,0.08999999999991815,BACKFILL_AUTO
2026-04-03 12:40:02,1775220002,R_100,621.59,1,0.04000000000007731,BACKFILL_AUTO
2026-04-03 12:40:04,1775220004,R_100,621.33,-1,0.2599999999999909,BACKFILL_AUTO
2026-04-03 12:40:06,1775220006,R_100,621.25,-1,0.08000000000004093,BACKFILL_AUTO
2026-04-03 12:40:08,1775220008,R_100,621.34,1,0.09000000000003183,BACKFILL_AUTO
2026-04-03 12:40:10,1775220010,R_100,621.11,-1,0.2300000000000182,BACKFILL_AUTO
2026-04-03 12:40:12,1775220012,R_100,621.22,1,0.11000000000001364,BACKFILL_AUTO
2026-04-03 12:40:14,1775220014,R_100,621.44,1,0.22000000000002728,BACKFILL_AUTO
2026-04-03 12:40:16,1775220016,R_100,621.22,-1,0.22000000000002728,BACKFILL_AUTO
2026-04-03 12:40:18,1775220018,R_100,621.47,1,0.25,BACKFILL_AUTO
