timestamp,unix_time,instrument,price,direction,tick_size,session_id
2026-04-04 11:06:42,1775300802,R_10,5094.28,1,25.479999999999563,BACKFILL_AUTO
2026-04-04 11:06:44,1775300804,R_10,5094.414,1,0.13400000000001455,BACKFILL_AUTO
2026-04-04 11:06:46,1775300806,R_10,5094.457,1,0.0430000000005748,BACKFILL_AUTO
2026-04-04 11:06:48,1775300808,R_10,5094.394,-1,0.06300000000010186,BACKFILL_AUTO
2026-04-04 11:06:50,1775300810,R_10,5094.313,-1,0.08100000000013097,BACKFILL_AUTO
2026-04-04 11:06:52,1775300812,R_10,5094.096,-1,0.21700000000055297,BACKFILL_AUTO
2026-04-04 11:06:54,1775300814,R_10,5094.167,1,0.07100000000082218,BACKFILL_AUTO
2026-04-04 11:06:56,1775300816,R_10,5094.22,1,0.052999999999883585,BACKFILL_AUTO
2026-04-04 11:06:58,1775300818,R_10,5094.054,-1,0.16600000000016735,BACKFILL_AUTO
2026-04-04 11:07:00,1775300820,R_10,5094.163,1,0.10899999999946886,BACKFILL_AUTO
2026-04-04 11:07:02,1775300822,R_10,5093.953,-1,0.20999999999912689,BACKFILL_AUTO
2026-04-04 11:07:04,1775300824,R_10,5094.105,1,0.15199999999913416,BACKFILL_AUTO
2026-04-04 11:07:06,1775300826,R_10,5094.106,0,,BACKFILL_AUTO
2026-04-04 11:07:08,1775300828,R_10,5094.18,1,0.07400000000052387,BACKFILL_AUTO
2026-04-04 11:07:10,1775300830,R_10,5094.0,-1,0.18000000000029104,BACKFILL_AUTO
2026-04-04 11:07:12,1775300832,R_10,5094.135,1,0.13500000000021828,BACKFILL_AUTO
2026-04-04 11:07:14,1775300834,R_10,5094.129,-1,0.006000000000312866,BACKFILL_AUTO
2026-04-04 11:07:16,1775300836,R_10,5094.082,-1,0.04699999999957072,BACKFILL_AUTO
2026-04-04 11:07:18,1775300838,R_10,5094.181,1,0.09899999999925058,BACKFILL_AUTO
2026-04-04 11:07:20,1775300840,R_10,5094.328,1,0.147000000000844,BACKFILL_AUTO
2026-04-04 11:07:22,1775300842,R_10,5094.275,-1,0.05300000000079308,BACKFILL_AUTO
2026-04-04 11:07:24,1775300844,R_10,5094.136,-1,0.1389999999992142,BACKFILL_AUTO
2026-04-04 11:07:26,1775300846,R_10,5093.987,-1,0.14900000000034197,BACKFILL_AUTO
2026-04-04 11:07:28,1775300848,R_10,5094.151,1,0.1639999999997599,BACKFILL_AUTO
2026-04-04 11:07:30,1775300850,R_10,5094.007,-1,0.14400000000023283,BACKFILL_AUTO
2026-04-04 11:07:32,1775300852,R_10,5093.885,-1,0.12199999999938882,BACKFILL_AUTO
2026-04-04 11:07:34,1775300854,R_10,5094.033,1,0.14800000000013824,BACKFILL_AUTO
2026-04-04 11:07:36,1775300856,R_10,5094.206,1,0.17299999999977445,BACKFILL_AUTO
2026-04-04 11:07:38,1775300858,R_10,5094.061,-1,0.14500000000043656,BACKFILL_AUTO
2026-04-04 11:07:40,1775300860,R_10,5094.074,1,0.012999999999919964,BACKFILL_AUTO
2026-04-04 11:07:42,1775300862,R_10,5094.145,1,0.07100000000082218,BACKFILL_AUTO
2026-04-04 11:07:44,1775300864,R_10,5093.826,-1,0.31900000000041473,BACKFILL_AUTO
2026-04-04 11:07:46,1775300866,R_10,5093.832,1,0.006000000000312866,BACKFILL_AUTO
2026-04-04 11:07:48,1775300868,R_10,5093.837,1,0.005000000000109139,BACKFILL_AUTO
2026-04-04 11:07:50,1775300870,R_10,5093.802,-1,0.035000000000763976,BACKFILL_AUTO
2026-04-04 11:07:52,1775300872,R_10,5093.6,-1,0.20199999999931606,BACKFILL_AUTO
2026-04-04 11:07:54,1775300874,R_10,5093.538,-1,0.06200000000080763,BACKFILL_AUTO
2026-04-04 11:07:56,1775300876,R_10,5093.366,-1,0.17199999999957072,BACKFILL_AUTO
2026-04-04 11:07:58,1775300878,R_10,5093.319,-1,0.04699999999957072,BACKFILL_AUTO
2026-04-04 11:08:00,1775300880,R_10,5093.269,-1,0.0500000000001819,BACKFILL_AUTO
2026-04-04 11:08:02,1775300882,R_10,5093.22,-1,0.04899999999997817,BACKFILL_AUTO
2026-04-04 11:08:04,1775300884,R_10,5093.026,-1,0.19400000000041473,BACKFILL_AUTO
2026-04-04 11:08:06,1775300886,R_10,5093.019,-1,0.006999999999607098,BACKFILL_AUTO
2026-04-04 11:08:08,1775300888,R_10,5092.891,-1,0.12800000000061118,BACKFILL_AUTO
2026-04-04 11:08:10,1775300890,R_10,5093.056,1,0.16499999999996362,BACKFILL_AUTO
2026-04-04 11:08:12,1775300892,R_10,5093.354,1,0.29800000000068394,BACKFILL_AUTO
2026-04-04 11:08:14,1775300894,R_10,5093.345,-1,0.009000000000014552,BACKFILL_AUTO
2026-04-04 11:08:16,1775300896,R_10,5093.203,-1,0.14199999999982538,BACKFILL_AUTO
2026-04-04 11:08:18,1775300898,R_10,5093.02,-1,0.18299999999999272,BACKFILL_AUTO
2026-04-04 11:08:20,1775300900,R_10,5093.068,1,0.047999999999774445,BACKFILL_AUTO
2026-04-04 11:08:22,1775300902,R_10,5092.72,-1,0.34799999999995634,BACKFILL_AUTO
2026-04-04 11:08:24,1775300904,R_10,5092.664,-1,0.056000000000494765,BACKFILL_AUTO
2026-04-04 11:08:26,1775300906,R_10,5092.567,-1,0.09699999999975262,BACKFILL_AUTO
2026-04-04 11:08:28,1775300908,R_10,5092.514,-1,0.052999999999883585,BACKFILL_AUTO
2026-04-04 11:08:30,1775300910,R_10,5092.713,1,0.19899999999961437,BACKFILL_AUTO
2026-04-04 11:08:32,1775300912,R_10,5092.672,-1,0.04100000000016735,BACKFILL_AUTO
2026-04-04 11:08:34,1775300914,R_10,5092.878,1,0.20600000000013097,BACKFILL_AUTO
2026-04-04 11:08:36,1775300916,R_10,5092.953,1,0.0750000000007276,BACKFILL_AUTO
2026-04-04 11:08:38,1775300918,R_10,5092.969,1,0.01599999999962165,BACKFILL_AUTO
2026-04-04 11:08:40,1775300920,R_10,5092.927,-1,0.042000000000371074,BACKFILL_AUTO
2026-04-04 11:08:42,1775300922,R_10,5092.971,1,0.04399999999986903,BACKFILL_AUTO
2026-04-04 11:08:44,1775300924,R_10,5092.926,-1,0.044999999999163265,BACKFILL_AUTO
2026-04-04 11:08:46,1775300926,R_10,5092.727,-1,0.19900000000052387,BACKFILL_AUTO
2026-04-04 11:08:48,1775300928,R_10,5092.73,1,0.0029999999997016857,BACKFILL_AUTO
2026-04-04 11:08:50,1775300930,R_10,5092.766,1,0.03600000000005821,BACKFILL_AUTO
2026-04-04 11:08:52,1775300932,R_10,5092.853,1,0.08700000000044383,BACKFILL_AUTO
2026-04-04 11:08:54,1775300934,R_10,5092.958,1,0.10499999999956344,BACKFILL_AUTO
2026-04-04 11:08:56,1775300936,R_10,5092.92,-1,0.03799999999955617,BACKFILL_AUTO
2026-04-04 11:08:58,1775300938,R_10,5092.875,-1,0.04500000000007276,BACKFILL_AUTO
2026-04-04 11:09:00,1775300940,R_10,5092.969,1,0.09400000000005093,BACKFILL_AUTO
2026-04-04 11:09:02,1775300942,R_10,5093.021,1,0.05199999999967986,BACKFILL_AUTO
2026-04-04 11:09:04,1775300944,R_10,5093.017,-1,0.0039999999999054126,BACKFILL_AUTO
2026-04-04 11:09:06,1775300946,R_10,5093.04,1,0.023000000000138243,BACKFILL_AUTO
2026-04-04 11:09:08,1775300948,R_10,5093.097,1,0.056999999999789,BACKFILL_AUTO
2026-04-04 11:09:10,1775300950,R_10,5093.348,1,0.2510000000002037,BACKFILL_AUTO
2026-04-04 11:09:12,1775300952,R_10,5093.489,1,0.14099999999962165,BACKFILL_AUTO
2026-04-04 11:09:14,1775300954,R_10,5093.562,1,0.07300000000032014,BACKFILL_AUTO
2026-04-04 11:09:16,1775300956,R_10,5093.529,-1,0.03299999999944703,BACKFILL_AUTO
2026-04-04 11:09:18,1775300958,R_10,5093.595,1,0.06599999999980355,BACKFILL_AUTO
2026-04-04 11:09:20,1775300960,R_10,5093.6,1,0.005000000000109139,BACKFILL_AUTO
2026-04-04 11:09:22,1775300962,R_10,5093.52,-1,0.07999999999992724,BACKFILL_AUTO
2026-04-04 11:09:24,1775300964,R_10,5093.57,1,0.049999999999272404,BACKFILL_AUTO
2026-04-04 11:09:26,1775300966,R_10,5093.558,-1,0.011999999999716238,BACKFILL_AUTO
2026-04-04 11:09:28,1775300968,R_10,5093.652,1,0.09400000000005093,BACKFILL_AUTO
2026-04-04 11:09:30,1775300970,R_10,5093.686,1,0.033999999999650754,BACKFILL_AUTO
2026-04-04 11:09:32,1775300972,R_10,5093.778,1,0.09200000000055297,BACKFILL_AUTO
2026-04-04 11:09:34,1775300974,R_10,5093.678,-1,0.1000000000003638,BACKFILL_AUTO
2026-04-04 11:09:36,1775300976,R_10,5093.873,1,0.19499999999970896,BACKFILL_AUTO
2026-04-04 11:09:38,1775300978,R_10,5093.867,-1,0.0059999999994033715,BACKFILL_AUTO
2026-04-04 11:09:40,1775300980,R_10,5093.757,-1,0.11000000000058208,BACKFILL_AUTO
2026-04-04 11:09:42,1775300982,R_10,5093.923,1,0.16600000000016735,BACKFILL_AUTO
2026-04-04 11:09:44,1775300984,R_10,5094.157,1,0.23400000000037835,BACKFILL_AUTO
2026-04-04 11:09:46,1775300986,R_10,5094.111,-1,0.046000000000276486,BACKFILL_AUTO
2026-04-04 11:09:48,1775300988,R_10,5094.164,1,0.052999999999883585,BACKFILL_AUTO
2026-04-04 11:09:50,1775300990,R_10,5094.065,-1,0.09900000000016007,BACKFILL_AUTO
2026-04-04 11:09:52,1775300992,R_10,5094.149,1,0.08400000000074215,BACKFILL_AUTO
2026-04-04 11:09:54,1775300994,R_10,5094.146,-1,0.0030000000006111804,BACKFILL_AUTO
2026-04-04 11:09:56,1775300996,R_10,5094.282,1,0.136000000000422,BACKFILL_AUTO
2026-04-04 11:09:58,1775300998,R_10,5094.158,-1,0.12399999999979627,BACKFILL_AUTO
2026-04-04 11:10:00,1775301000,R_10,5094.127,-1,0.03099999999994907,BACKFILL_AUTO
2026-04-04 11:10:02,1775301002,R_10,5094.041,-1,0.0860000000002401,BACKFILL_AUTO
2026-04-04 11:10:04,1775301004,R_10,5093.952,-1,0.08899999999994179,BACKFILL_AUTO
2026-04-04 11:10:06,1775301006,R_10,5093.975,1,0.023000000000138243,BACKFILL_AUTO
2026-04-04 11:10:08,1775301008,R_10,5093.926,-1,0.04899999999997817,BACKFILL_AUTO
2026-04-04 11:10:10,1775301010,R_10,5094.096,1,0.16999999999916326,BACKFILL_AUTO
2026-04-04 11:10:12,1775301012,R_10,5094.205,1,0.10900000000037835,BACKFILL_AUTO
2026-04-04 11:10:14,1775301014,R_10,5094.141,-1,0.06400000000030559,BACKFILL_AUTO
2026-04-04 11:10:16,1775301016,R_10,5094.436,1,0.29500000000007276,BACKFILL_AUTO
2026-04-04 11:10:18,1775301018,R_10,5094.43,-1,0.0059999999994033715,BACKFILL_AUTO
2026-04-04 11:10:20,1775301020,R_10,5094.338,-1,0.09200000000055297,BACKFILL_AUTO
2026-04-04 11:10:22,1775301022,R_10,5094.39,1,0.05200000000058935,BACKFILL_AUTO
2026-04-04 11:10:24,1775301024,R_10,5094.419,1,0.028999999999541615,BACKFILL_AUTO
2026-04-04 11:10:26,1775301026,R_10,5094.421,1,0.0020000000004074536,BACKFILL_AUTO
2026-04-04 11:10:28,1775301028,R_10,5094.461,1,0.03999999999996362,BACKFILL_AUTO
2026-04-04 11:10:30,1775301030,R_10,5094.454,-1,0.007000000000516593,BACKFILL_AUTO
2026-04-04 11:10:32,1775301032,R_10,5094.696,1,0.24200000000018917,BACKFILL_AUTO
2026-04-04 11:10:34,1775301034,R_10,5094.741,1,0.04500000000007276,BACKFILL_AUTO
2026-04-04 11:10:36,1775301036,R_10,5094.772,1,0.03099999999994907,BACKFILL_AUTO
2026-04-04 11:10:38,1775301038,R_10,5094.653,-1,0.11899999999968713,BACKFILL_AUTO
2026-04-04 11:10:40,1775301040,R_10,5094.706,1,0.052999999999883585,BACKFILL_AUTO
2026-04-04 11:10:42,1775301042,R_10,5094.474,-1,0.2319999999999709,BACKFILL_AUTO
2026-04-04 11:10:44,1775301044,R_10,5094.515,1,0.04100000000016735,BACKFILL_AUTO
2026-04-04 11:10:46,1775301046,R_10,5094.445,-1,0.07000000000061846,BACKFILL_AUTO
2026-04-04 11:10:48,1775301048,R_10,5094.293,-1,0.15200000000004366,BACKFILL_AUTO
2026-04-04 11:10:50,1775301050,R_10,5094.128,-1,0.16499999999996362,BACKFILL_AUTO
2026-04-04 11:10:52,1775301052,R_10,5094.128,0,0.0,BACKFILL_AUTO
2026-04-04 11:10:54,1775301054,R_10,5094.247,1,0.11900000000059663,BACKFILL_AUTO
2026-04-04 11:10:56,1775301056,R_10,5094.354,1,0.1069999999999709,BACKFILL_AUTO
2026-04-04 11:10:58,1775301058,R_10,5094.526,1,0.17199999999957072,BACKFILL_AUTO
2026-04-04 11:11:00,1775301060,R_10,5094.496,-1,0.02999999999974534,BACKFILL_AUTO
2026-04-04 11:11:02,1775301062,R_10,5094.571,1,0.0749999999998181,BACKFILL_AUTO
2026-04-04 11:11:04,1775301064,R_10,5094.605,1,0.033999999999650754,BACKFILL_AUTO
2026-04-04 11:11:06,1775301066,R_10,5094.659,1,0.05400000000008731,BACKFILL_AUTO
2026-04-04 11:11:08,1775301068,R_10,5094.553,-1,0.10599999999976717,BACKFILL_AUTO
2026-04-04 11:11:10,1775301070,R_10,5094.525,-1,0.028000000000247383,BACKFILL_AUTO
2026-04-04 11:11:12,1775301072,R_10,5094.488,-1,0.03699999999935244,BACKFILL_AUTO
2026-04-04 11:11:14,1775301074,R_10,5094.479,-1,0.009000000000014552,BACKFILL_AUTO
2026-04-04 11:11:16,1775301076,R_10,5094.51,1,0.03099999999994907,BACKFILL_AUTO
2026-04-04 11:11:18,1775301078,R_10,5094.521,1,0.01099999999951251,BACKFILL_AUTO
2026-04-04 11:11:20,1775301080,R_10,5094.452,-1,0.06899999999950523,BACKFILL_AUTO
2026-04-04 11:11:22,1775301082,R_10,5094.422,-1,0.030000000000654836,BACKFILL_AUTO
2026-04-04 11:11:24,1775301084,R_10,5094.604,1,0.1820000000006985,BACKFILL_AUTO
2026-04-04 11:11:26,1775301086,R_10,5094.556,-1,0.04800000000068394,BACKFILL_AUTO
2026-04-04 11:11:28,1775301088,R_10,5094.556,0,0.0,BACKFILL_AUTO
2026-04-04 11:11:30,1775301090,R_10,5094.596,1,0.03999999999996362,BACKFILL_AUTO
2026-04-04 11:11:32,1775301092,R_10,5094.518,-1,0.07799999999951979,BACKFILL_AUTO
2026-04-04 11:11:34,1775301094,R_10,5094.493,-1,0.024999999999636202,BACKFILL_AUTO
2026-04-04 11:11:36,1775301096,R_10,5094.559,1,0.06599999999980355,BACKFILL_AUTO
2026-04-04 11:11:38,1775301098,R_10,5094.658,1,0.09900000000016007,BACKFILL_AUTO
2026-04-04 11:11:40,1775301100,R_10,5094.53,-1,0.12800000000061118,BACKFILL_AUTO
2026-04-04 11:11:42,1775301102,R_10,5094.189,-1,0.34099999999943975,BACKFILL_AUTO
2026-04-04 11:11:44,1775301104,R_10,5094.272,1,0.08299999999962893,BACKFILL_AUTO
2026-04-04 11:11:46,1775301106,R_10,5094.217,-1,0.05500000000029104,BACKFILL_AUTO
2026-04-04 11:11:48,1775301108,R_10,5094.404,1,0.18700000000080763,BACKFILL_AUTO
2026-04-04 11:11:50,1775301110,R_10,5094.5,1,0.09599999999954889,BACKFILL_AUTO
2026-04-04 11:11:52,1775301112,R_10,5094.511,1,0.011000000000422006,BACKFILL_AUTO
2026-04-04 11:11:54,1775301114,R_10,5094.638,1,0.12699999999949796,BACKFILL_AUTO
2026-04-04 11:11:56,1775301116,R_10,5094.879,1,0.24099999999998545,BACKFILL_AUTO
2026-04-04 11:11:58,1775301118,R_10,5094.93,1,0.051000000000385626,BACKFILL_AUTO
2026-04-04 11:12:00,1775301120,R_10,5094.917,-1,0.012999999999919964,BACKFILL_AUTO
2026-04-04 11:12:02,1775301122,R_10,5095.054,1,0.13699999999971624,BACKFILL_AUTO
2026-04-04 11:12:04,1775301124,R_10,5095.061,1,0.006999999999607098,BACKFILL_AUTO
2026-04-04 11:12:06,1775301126,R_10,5095.044,-1,0.016999999999825377,BACKFILL_AUTO
2026-04-04 11:12:08,1775301128,R_10,5094.951,-1,0.0929999999998472,BACKFILL_AUTO
2026-04-04 11:12:10,1775301130,R_10,5095.086,1,0.13500000000021828,BACKFILL_AUTO
2026-04-04 11:12:12,1775301132,R_10,5095.245,1,0.15899999999965075,BACKFILL_AUTO
2026-04-04 11:12:14,1775301134,R_10,5095.171,-1,0.07399999999961437,BACKFILL_AUTO
2026-04-04 11:12:16,1775301136,R_10,5095.005,-1,0.16600000000016735,BACKFILL_AUTO
2026-04-04 11:12:18,1775301138,R_10,5095.083,1,0.07799999999951979,BACKFILL_AUTO
2026-04-04 11:12:20,1775301140,R_10,5094.996,-1,0.08699999999953434,BACKFILL_AUTO
2026-04-04 11:12:22,1775301142,R_10,5094.936,-1,0.06000000000040018,BACKFILL_AUTO
2026-04-04 11:12:24,1775301144,R_10,5095.038,1,0.10199999999986176,BACKFILL_AUTO
2026-04-04 11:12:26,1775301146,R_10,5095.031,-1,0.006999999999607098,BACKFILL_AUTO
2026-04-04 11:12:28,1775301148,R_10,5094.969,-1,0.06199999999989814,BACKFILL_AUTO
2026-04-04 11:12:30,1775301150,R_10,5095.096,1,0.12699999999949796,BACKFILL_AUTO
2026-04-04 11:12:32,1775301152,R_10,5095.05,-1,0.04599999999936699,BACKFILL_AUTO
2026-04-04 11:12:34,1775301154,R_10,5095.288,1,0.23799999999937427,BACKFILL_AUTO
2026-04-04 11:12:36,1775301156,R_10,5095.197,-1,0.09099999999943975,BACKFILL_AUTO
2026-04-04 11:12:38,1775301158,R_10,5095.094,-1,0.10300000000006548,BACKFILL_AUTO
2026-04-04 11:12:40,1775301160,R_10,5095.114,1,0.019999999999527063,BACKFILL_AUTO
2026-04-04 11:12:42,1775301162,R_10,5095.308,1,0.19400000000041473,BACKFILL_AUTO
2026-04-04 11:12:44,1775301164,R_10,5095.267,-1,0.04100000000016735,BACKFILL_AUTO
2026-04-04 11:12:46,1775301166,R_10,5095.357,1,0.09000000000014552,BACKFILL_AUTO
2026-04-04 11:12:48,1775301168,R_10,5095.197,-1,0.15999999999985448,BACKFILL_AUTO
2026-04-04 11:12:50,1775301170,R_10,5095.307,1,0.10999999999967258,BACKFILL_AUTO
2026-04-04 11:12:52,1775301172,R_10,5095.456,1,0.14900000000034197,BACKFILL_AUTO
2026-04-04 11:12:54,1775301174,R_10,5095.399,-1,0.056999999999789,BACKFILL_AUTO
2026-04-04 11:12:56,1775301176,R_10,5095.324,-1,0.0750000000007276,BACKFILL_AUTO
2026-04-04 11:12:58,1775301178,R_10,5095.269,-1,0.054999999999381544,BACKFILL_AUTO
2026-04-04 11:13:00,1775301180,R_10,5095.321,1,0.05199999999967986,BACKFILL_AUTO
2026-04-04 11:13:02,1775301182,R_10,5095.367,1,0.046000000000276486,BACKFILL_AUTO
2026-04-04 11:13:04,1775301184,R_10,5095.283,-1,0.08399999999983265,BACKFILL_AUTO
2026-04-04 11:13:06,1775301186,R_10,5095.483,1,0.1999999999998181,BACKFILL_AUTO
2026-04-04 11:13:08,1775301188,R_10,5095.627,1,0.14400000000023283,BACKFILL_AUTO
2026-04-04 11:13:10,1775301190,R_10,5095.747,1,0.11999999999989086,BACKFILL_AUTO
2026-04-04 11:13:12,1775301192,R_10,5095.994,1,0.24699999999938882,BACKFILL_AUTO
2026-04-04 11:13:14,1775301194,R_10,5095.873,-1,0.12100000000009459,BACKFILL_AUTO
2026-04-04 11:13:16,1775301196,R_10,5095.93,1,0.05700000000069849,BACKFILL_AUTO
2026-04-04 11:13:18,1775301198,R_10,5095.935,1,0.005000000000109139,BACKFILL_AUTO
2026-04-04 11:13:20,1775301200,R_10,5095.849,-1,0.0860000000002401,BACKFILL_AUTO
2026-04-04 11:13:22,1775301202,R_10,5095.771,-1,0.07800000000042928,BACKFILL_AUTO
2026-04-04 11:13:24,1775301204,R_10,5095.646,-1,0.125,BACKFILL_AUTO
2026-04-04 11:13:26,1775301206,R_10,5095.553,-1,0.0929999999998472,BACKFILL_AUTO
2026-04-04 11:13:28,1775301208,R_10,5095.615,1,0.06199999999989814,BACKFILL_AUTO
2026-04-04 11:13:30,1775301210,R_10,5095.542,-1,0.07299999999941065,BACKFILL_AUTO
2026-04-04 11:13:32,1775301212,R_10,5095.531,-1,0.011000000000422006,BACKFILL_AUTO
2026-04-04 11:13:34,1775301214,R_10,5095.648,1,0.11700000000018917,BACKFILL_AUTO
2026-04-04 11:13:36,1775301216,R_10,5095.716,1,0.068000000000211,BACKFILL_AUTO
2026-04-04 11:13:38,1775301218,R_10,5095.529,-1,0.18699999999989814,BACKFILL_AUTO
2026-04-04 11:13:40,1775301220,R_10,5095.575,1,0.04599999999936699,BACKFILL_AUTO
2026-04-04 11:13:42,1775301222,R_10,5095.461,-1,0.113999999999578,BACKFILL_AUTO
2026-04-04 11:13:44,1775301224,R_10,5095.429,-1,0.032000000000152795,BACKFILL_AUTO
2026-04-04 11:13:46,1775301226,R_10,5095.183,-1,0.2460000000000946,BACKFILL_AUTO
2026-04-04 11:13:48,1775301228,R_10,5095.215,1,0.032000000000152795,BACKFILL_AUTO
2026-04-04 11:13:50,1775301230,R_10,5095.01,-1,0.20499999999992724,BACKFILL_AUTO
2026-04-04 11:13:52,1775301232,R_10,5094.933,-1,0.07700000000022555,BACKFILL_AUTO
2026-04-04 11:13:54,1775301234,R_10,5094.872,-1,0.06099999999969441,BACKFILL_AUTO
2026-04-04 11:13:56,1775301236,R_10,5094.6,-1,0.2719999999999345,BACKFILL_AUTO
2026-04-04 11:13:58,1775301238,R_10,5094.403,-1,0.19700000000011642,BACKFILL_AUTO
2026-04-04 11:14:00,1775301240,R_10,5094.409,1,0.0059999999994033715,BACKFILL_AUTO
2026-04-04 11:14:02,1775301242,R_10,5094.44,1,0.03099999999994907,BACKFILL_AUTO
2026-04-04 11:14:04,1775301244,R_10,5094.568,1,0.12800000000061118,BACKFILL_AUTO
2026-04-04 11:14:06,1775301246,R_10,5094.489,-1,0.07900000000063301,BACKFILL_AUTO
2026-04-04 11:14:08,1775301248,R_10,5094.563,1,0.07400000000052387,BACKFILL_AUTO
2026-04-04 11:14:10,1775301250,R_10,5094.633,1,0.06999999999970896,BACKFILL_AUTO
2026-04-04 11:14:12,1775301252,R_10,5094.673,1,0.03999999999996362,BACKFILL_AUTO
2026-04-04 11:14:14,1775301254,R_10,5094.485,-1,0.18800000000010186,BACKFILL_AUTO
2026-04-04 11:14:16,1775301256,R_10,5094.566,1,0.08100000000013097,BACKFILL_AUTO
2026-04-04 11:14:18,1775301258,R_10,5094.498,-1,0.068000000000211,BACKFILL_AUTO
2026-04-04 11:14:20,1775301260,R_10,5094.578,1,0.08000000000083674,BACKFILL_AUTO
2026-04-04 11:14:22,1775301262,R_10,5094.588,1,0.009999999999308784,BACKFILL_AUTO
2026-04-04 11:14:24,1775301264,R_10,5094.787,1,0.19900000000052387,BACKFILL_AUTO
2026-04-04 11:14:26,1775301266,R_10,5094.737,-1,0.0500000000001819,BACKFILL_AUTO
2026-04-04 11:14:28,1775301268,R_10,5094.735,-1,0.0020000000004074536,BACKFILL_AUTO
2026-04-04 11:14:30,1775301270,R_10,5094.841,1,0.10600000000067666,BACKFILL_AUTO
2026-04-04 11:14:32,1775301272,R_10,5094.944,1,0.10300000000006548,BACKFILL_AUTO
2026-04-04 11:14:34,1775301274,R_10,5095.296,1,0.35199999999986176,BACKFILL_AUTO
2026-04-04 11:14:36,1775301276,R_10,5095.227,-1,0.06900000000041473,BACKFILL_AUTO
2026-04-04 11:14:38,1775301278,R_10,5095.332,1,0.10500000000047294,BACKFILL_AUTO
2026-04-04 11:14:40,1775301280,R_10,5095.34,1,0.007999999999810825,BACKFILL_AUTO
2026-04-04 11:14:42,1775301282,R_10,5095.232,-1,0.10800000000017462,BACKFILL_AUTO
2026-04-04 11:14:44,1775301284,R_10,5094.966,-1,0.26599999999962165,BACKFILL_AUTO
2026-04-04 11:14:46,1775301286,R_10,5094.908,-1,0.057999999999992724,BACKFILL_AUTO
2026-04-04 11:14:48,1775301288,R_10,5094.997,1,0.08899999999994179,BACKFILL_AUTO
2026-04-04 11:14:50,1775301290,R_10,5094.849,-1,0.14800000000013824,BACKFILL_AUTO
2026-04-04 11:14:52,1775301292,R_10,5094.789,-1,0.06000000000040018,BACKFILL_AUTO
2026-04-04 11:14:54,1775301294,R_10,5094.713,-1,0.07600000000002183,BACKFILL_AUTO
2026-04-04 11:14:56,1775301296,R_10,5094.557,-1,0.15599999999994907,BACKFILL_AUTO
2026-04-04 11:14:58,1775301298,R_10,5094.692,1,0.13500000000021828,BACKFILL_AUTO
2026-04-04 11:15:00,1775301300,R_10,5094.874,1,0.181999999999789,BACKFILL_AUTO
2026-04-04 11:15:02,1775301302,R_10,5094.904,1,0.030000000000654836,BACKFILL_AUTO
2026-04-04 11:15:04,1775301304,R_10,5094.999,1,0.09499999999934516,BACKFILL_AUTO
2026-04-04 11:15:06,1775301306,R_10,5094.757,-1,0.24200000000018917,BACKFILL_AUTO
2026-04-04 11:15:08,1775301308,R_10,5094.75,-1,0.006999999999607098,BACKFILL_AUTO
2026-04-04 11:15:10,1775301310,R_10,5094.62,-1,0.13000000000010914,BACKFILL_AUTO
2026-04-04 11:15:12,1775301312,R_10,5094.737,1,0.11700000000018917,BACKFILL_AUTO
2026-04-04 11:15:14,1775301314,R_10,5094.672,-1,0.06500000000050932,BACKFILL_AUTO
2026-04-04 11:15:16,1775301316,R_10,5094.789,1,0.11700000000018917,BACKFILL_AUTO
2026-04-04 11:15:18,1775301318,R_10,5094.932,1,0.1430000000000291,BACKFILL_AUTO
2026-04-04 11:15:20,1775301320,R_10,5094.924,-1,0.007999999999810825,BACKFILL_AUTO
2026-04-04 11:15:22,1775301322,R_10,5094.952,1,0.028000000000247383,BACKFILL_AUTO
2026-04-04 11:15:24,1775301324,R_10,5094.528,-1,0.42399999999997817,BACKFILL_AUTO
2026-04-04 11:15:26,1775301326,R_10,5094.272,-1,0.25600000000031287,BACKFILL_AUTO
2026-04-04 11:15:28,1775301328,R_10,5094.302,1,0.02999999999974534,BACKFILL_AUTO
2026-04-04 11:15:30,1775301330,R_10,5094.429,1,0.12700000000040745,BACKFILL_AUTO
2026-04-04 11:15:32,1775301332,R_10,5094.323,-1,0.10599999999976717,BACKFILL_AUTO
2026-04-04 11:15:34,1775301334,R_10,5094.593,1,0.26999999999952706,BACKFILL_AUTO
2026-04-04 11:15:36,1775301336,R_10,5094.687,1,0.09400000000005093,BACKFILL_AUTO
2026-04-04 11:15:38,1775301338,R_10,5094.574,-1,0.11300000000028376,BACKFILL_AUTO
2026-04-04 11:15:40,1775301340,R_10,5094.635,1,0.061000000000603904,BACKFILL_AUTO
2026-04-04 11:15:42,1775301342,R_10,5094.661,1,0.02599999999983993,BACKFILL_AUTO
2026-04-04 11:15:44,1775301344,R_10,5094.537,-1,0.12399999999979627,BACKFILL_AUTO
2026-04-04 11:15:46,1775301346,R_10,5094.635,1,0.09799999999995634,BACKFILL_AUTO
2026-04-04 11:15:48,1775301348,R_10,5094.529,-1,0.10599999999976717,BACKFILL_AUTO
2026-04-04 11:15:50,1775301350,R_10,5094.639,1,0.10999999999967258,BACKFILL_AUTO
2026-04-04 11:15:52,1775301352,R_10,5094.459,-1,0.18000000000029104,BACKFILL_AUTO
2026-04-04 11:15:54,1775301354,R_10,5094.409,-1,0.0500000000001819,BACKFILL_AUTO
2026-04-04 11:15:56,1775301356,R_10,5094.449,1,0.03999999999996362,BACKFILL_AUTO
2026-04-04 11:15:58,1775301358,R_10,5094.404,-1,0.044999999999163265,BACKFILL_AUTO
2026-04-04 11:16:00,1775301360,R_10,5094.399,-1,0.005000000000109139,BACKFILL_AUTO
2026-04-04 11:16:02,1775301362,R_10,5094.367,-1,0.032000000000152795,BACKFILL_AUTO
2026-04-04 11:16:04,1775301364,R_10,5094.307,-1,0.06000000000040018,BACKFILL_AUTO
2026-04-04 11:16:06,1775301366,R_10,5094.101,-1,0.20600000000013097,BACKFILL_AUTO
2026-04-04 11:16:08,1775301368,R_10,5094.259,1,0.15800000000035652,BACKFILL_AUTO
2026-04-04 11:16:10,1775301370,R_10,5094.263,1,0.0039999999999054126,BACKFILL_AUTO
2026-04-04 11:16:12,1775301372,R_10,5094.366,1,0.10300000000006548,BACKFILL_AUTO
2026-04-04 11:16:14,1775301374,R_10,5094.125,-1,0.24099999999998545,BACKFILL_AUTO
2026-04-04 11:16:16,1775301376,R_10,5094.198,1,0.07300000000032014,BACKFILL_AUTO
2026-04-04 11:16:18,1775301378,R_10,5094.079,-1,0.11900000000059663,BACKFILL_AUTO
2026-04-04 11:16:20,1775301380,R_10,5094.069,-1,0.009999999999308784,BACKFILL_AUTO
2026-04-04 11:16:22,1775301382,R_10,5094.027,-1,0.042000000000371074,BACKFILL_AUTO
2026-04-04 11:16:24,1775301384,R_10,5094.046,1,0.01900000000023283,BACKFILL_AUTO
2026-04-04 11:16:26,1775301386,R_10,5094.051,1,0.005000000000109139,BACKFILL_AUTO
2026-04-04 11:16:28,1775301388,R_10,5093.919,-1,0.1320000000005166,BACKFILL_AUTO
2026-04-04 11:16:30,1775301390,R_10,5093.998,1,0.07899999999972351,BACKFILL_AUTO
2026-04-04 11:16:32,1775301392,R_10,5093.976,-1,0.021999999999934516,BACKFILL_AUTO
2026-04-04 11:16:34,1775301394,R_10,5093.768,-1,0.20799999999962893,BACKFILL_AUTO
2026-04-04 11:16:36,1775301396,R_10,5093.818,1,0.0500000000001819,BACKFILL_AUTO
2026-04-04 11:16:38,1775301398,R_10,5093.764,-1,0.05400000000008731,BACKFILL_AUTO
2026-04-04 11:16:40,1775301400,R_10,5093.792,1,0.028000000000247383,BACKFILL_AUTO
2026-04-04 11:16:42,1775301402,R_10,5093.898,1,0.10599999999976717,BACKFILL_AUTO
2026-04-04 11:16:44,1775301404,R_10,5094.054,1,0.15599999999994907,BACKFILL_AUTO
2026-04-04 11:16:46,1775301406,R_10,5094.076,1,0.021999999999934516,BACKFILL_AUTO
2026-04-04 11:16:48,1775301408,R_10,5094.237,1,0.1610000000000582,BACKFILL_AUTO
2026-04-04 11:16:50,1775301410,R_10,5094.104,-1,0.13299999999981083,BACKFILL_AUTO
2026-04-04 11:16:52,1775301412,R_10,5094.068,-1,0.03600000000005821,BACKFILL_AUTO
2026-04-04 11:16:54,1775301414,R_10,5093.998,-1,0.07000000000061846,BACKFILL_AUTO
2026-04-04 11:16:56,1775301416,R_10,5094.051,1,0.05300000000079308,BACKFILL_AUTO
2026-04-04 11:16:58,1775301418,R_10,5094.042,-1,0.009000000000014552,BACKFILL_AUTO
2026-04-04 11:17:00,1775301420,R_10,5094.193,1,0.15099999999983993,BACKFILL_AUTO
2026-04-04 11:17:02,1775301422,R_10,5094.159,-1,0.03400000000056025,BACKFILL_AUTO
2026-04-04 11:17:04,1775301424,R_10,5093.993,-1,0.16599999999925785,BACKFILL_AUTO
2026-04-04 11:17:06,1775301426,R_10,5094.131,1,0.13799999999991996,BACKFILL_AUTO
2026-04-04 11:17:08,1775301428,R_10,5094.249,1,0.11799999999948341,BACKFILL_AUTO
2026-04-04 11:17:10,1775301430,R_10,5094.372,1,0.12300000000050204,BACKFILL_AUTO
2026-04-04 11:17:12,1775301432,R_10,5094.314,-1,0.057999999999992724,BACKFILL_AUTO
2026-04-04 11:17:14,1775301434,R_10,5094.129,-1,0.18500000000040018,BACKFILL_AUTO
2026-04-04 11:17:16,1775301436,R_10,5094.061,-1,0.068000000000211,BACKFILL_AUTO
2026-04-04 11:17:18,1775301438,R_10,5093.976,-1,0.08500000000003638,BACKFILL_AUTO
2026-04-04 11:17:20,1775301440,R_10,5094.019,1,0.0430000000005748,BACKFILL_AUTO
2026-04-04 11:17:22,1775301442,R_10,5094.007,-1,0.012000000000625732,BACKFILL_AUTO
2026-04-04 11:17:24,1775301444,R_10,5093.928,-1,0.07899999999972351,BACKFILL_AUTO
2026-04-04 11:17:26,1775301446,R_10,5094.029,1,0.10100000000056752,BACKFILL_AUTO
2026-04-04 11:17:28,1775301448,R_10,5093.998,-1,0.031000000000858563,BACKFILL_AUTO
2026-04-04 11:17:30,1775301450,R_10,5093.649,-1,0.3489999999992506,BACKFILL_AUTO
2026-04-04 11:17:32,1775301452,R_10,5093.553,-1,0.09600000000045839,BACKFILL_AUTO
2026-04-04 11:17:34,1775301454,R_10,5093.623,1,0.06999999999970896,BACKFILL_AUTO
2026-04-04 11:17:36,1775301456,R_10,5093.545,-1,0.07799999999951979,BACKFILL_AUTO
2026-04-04 11:17:38,1775301458,R_10,5093.609,1,0.06400000000030559,BACKFILL_AUTO
2026-04-04 11:17:40,1775301460,R_10,5093.673,1,0.0639999999993961,BACKFILL_AUTO
2026-04-04 11:17:42,1775301462,R_10,5093.741,1,0.068000000000211,BACKFILL_AUTO
2026-04-04 11:17:44,1775301464,R_10,5093.812,1,0.07099999999991269,BACKFILL_AUTO
2026-04-04 11:17:46,1775301466,R_10,5093.637,-1,0.1750000000001819,BACKFILL_AUTO
2026-04-04 11:17:48,1775301468,R_10,5093.41,-1,0.22699999999986176,BACKFILL_AUTO
2026-04-04 11:17:50,1775301470,R_10,5093.337,-1,0.07299999999941065,BACKFILL_AUTO
2026-04-04 11:17:52,1775301472,R_10,5093.279,-1,0.057999999999992724,BACKFILL_AUTO
2026-04-04 11:17:54,1775301474,R_10,5093.333,1,0.05399999999917782,BACKFILL_AUTO
2026-04-04 11:17:56,1775301476,R_10,5093.351,1,0.018000000000029104,BACKFILL_AUTO
2026-04-04 11:17:58,1775301478,R_10,5093.323,-1,0.027999999999337888,BACKFILL_AUTO
2026-04-04 11:18:00,1775301480,R_10,5093.28,-1,0.0430000000005748,BACKFILL_AUTO
2026-04-04 11:18:02,1775301482,R_10,5093.363,1,0.08300000000053842,BACKFILL_AUTO
2026-04-04 11:18:04,1775301484,R_10,5093.36,-1,0.0030000000006111804,BACKFILL_AUTO
2026-04-04 11:18:06,1775301486,R_10,5093.352,-1,0.007999999999810825,BACKFILL_AUTO
2026-04-04 11:18:08,1775301488,R_10,5093.19,-1,0.16200000000026193,BACKFILL_AUTO
2026-04-04 11:18:10,1775301490,R_10,5093.012,-1,0.17799999999988358,BACKFILL_AUTO
2026-04-04 11:18:12,1775301492,R_10,5093.014,1,0.0020000000004074536,BACKFILL_AUTO
2026-04-04 11:18:14,1775301494,R_10,5092.958,-1,0.056000000000494765,BACKFILL_AUTO
2026-04-04 11:18:16,1775301496,R_10,5093.258,1,0.3000000000001819,BACKFILL_AUTO
2026-04-04 11:18:18,1775301498,R_10,5093.453,1,0.19500000000061846,BACKFILL_AUTO
2026-04-04 11:18:20,1775301500,R_10,5093.479,1,0.02599999999983993,BACKFILL_AUTO
2026-04-04 11:18:22,1775301502,R_10,5093.452,-1,0.027000000000043656,BACKFILL_AUTO
2026-04-04 11:18:24,1775301504,R_10,5093.754,1,0.30199999999967986,BACKFILL_AUTO
2026-04-04 11:18:26,1775301506,R_10,5094.054,1,0.3000000000001819,BACKFILL_AUTO
2026-04-04 11:18:28,1775301508,R_10,5094.004,-1,0.0500000000001819,BACKFILL_AUTO
2026-04-04 11:18:30,1775301510,R_10,5093.974,-1,0.02999999999974534,BACKFILL_AUTO
2026-04-04 11:18:32,1775301512,R_10,5094.007,1,0.03299999999944703,BACKFILL_AUTO
2026-04-04 11:18:34,1775301514,R_10,5093.874,-1,0.13299999999981083,BACKFILL_AUTO
2026-04-04 11:18:36,1775301516,R_10,5093.796,-1,0.07799999999951979,BACKFILL_AUTO
2026-04-04 11:18:38,1775301518,R_10,5093.774,-1,0.021999999999934516,BACKFILL_AUTO
2026-04-04 11:18:40,1775301520,R_10,5093.665,-1,0.10900000000037835,BACKFILL_AUTO
2026-04-04 11:18:42,1775301522,R_10,5093.689,1,0.02400000000034197,BACKFILL_AUTO
2026-04-04 11:18:44,1775301524,R_10,5093.558,-1,0.13100000000031287,BACKFILL_AUTO
2026-04-04 11:18:46,1775301526,R_10,5093.654,1,0.09600000000045839,BACKFILL_AUTO
2026-04-04 11:18:48,1775301528,R_10,5093.644,-1,0.010000000000218279,BACKFILL_AUTO
2026-04-04 11:18:50,1775301530,R_10,5093.492,-1,0.15200000000004366,BACKFILL_AUTO
2026-04-04 11:18:52,1775301532,R_10,5093.492,0,0.0,BACKFILL_AUTO
2026-04-04 11:18:54,1775301534,R_10,5093.533,1,0.04100000000016735,BACKFILL_AUTO
2026-04-04 11:18:56,1775301536,R_10,5093.631,1,0.09799999999995634,BACKFILL_AUTO
2026-04-04 11:18:58,1775301538,R_10,5093.579,-1,0.05200000000058935,BACKFILL_AUTO
2026-04-04 11:19:00,1775301540,R_10,5093.609,1,0.030000000000654836,BACKFILL_AUTO
2026-04-04 11:19:02,1775301542,R_10,5093.756,1,0.14699999999993452,BACKFILL_AUTO
2026-04-04 11:19:04,1775301544,R_10,5093.692,-1,0.06400000000030559,BACKFILL_AUTO
2026-04-04 11:19:06,1775301546,R_10,5093.416,-1,0.27599999999983993,BACKFILL_AUTO
2026-04-04 11:19:08,1775301548,R_10,5093.266,-1,0.1500000000005457,BACKFILL_AUTO
2026-04-04 11:19:10,1775301550,R_10,5093.469,1,0.20300000000042928,BACKFILL_AUTO
2026-04-04 11:19:12,1775301552,R_10,5093.437,-1,0.032000000000152795,BACKFILL_AUTO
2026-04-04 11:19:14,1775301554,R_10,5093.627,1,0.19000000000050932,BACKFILL_AUTO
2026-04-04 11:19:16,1775301556,R_10,5093.709,1,0.0819999999994252,BACKFILL_AUTO
2026-04-04 11:19:18,1775301558,R_10,5093.825,1,0.11599999999998545,BACKFILL_AUTO
2026-04-04 11:19:20,1775301560,R_10,5093.827,1,0.0020000000004074536,BACKFILL_AUTO
2026-04-04 11:19:22,1775301562,R_10,5093.699,-1,0.12800000000061118,BACKFILL_AUTO
2026-04-04 11:19:24,1775301564,R_10,5093.549,-1,0.1499999999996362,BACKFILL_AUTO
2026-04-04 11:19:26,1775301566,R_10,5093.596,1,0.04699999999957072,BACKFILL_AUTO
2026-04-04 11:19:28,1775301568,R_10,5093.758,1,0.16200000000026193,BACKFILL_AUTO
2026-04-04 11:19:30,1775301570,R_10,5093.748,-1,0.010000000000218279,BACKFILL_AUTO
2026-04-04 11:19:32,1775301572,R_10,5093.778,1,0.030000000000654836,BACKFILL_AUTO
2026-04-04 11:19:34,1775301574,R_10,5093.954,1,0.17599999999947613,BACKFILL_AUTO
2026-04-04 11:19:36,1775301576,R_10,5093.916,-1,0.03799999999955617,BACKFILL_AUTO
2026-04-04 11:19:38,1775301578,R_10,5093.901,-1,0.015000000000327418,BACKFILL_AUTO
2026-04-04 11:19:40,1775301580,R_10,5093.733,-1,0.1679999999996653,BACKFILL_AUTO
2026-04-04 11:19:42,1775301582,R_10,5093.66,-1,0.07300000000032014,BACKFILL_AUTO
2026-04-04 11:19:44,1775301584,R_10,5093.514,-1,0.1459999999997308,BACKFILL_AUTO
2026-04-04 11:19:46,1775301586,R_10,5093.376,-1,0.13799999999991996,BACKFILL_AUTO
2026-04-04 11:19:48,1775301588,R_10,5093.23,-1,0.14600000000064028,BACKFILL_AUTO
2026-04-04 11:19:50,1775301590,R_10,5093.329,1,0.09900000000016007,BACKFILL_AUTO
2026-04-04 11:19:52,1775301592,R_10,5093.158,-1,0.170999999999367,BACKFILL_AUTO
2026-04-04 11:19:54,1775301594,R_10,5092.854,-1,0.3040000000000873,BACKFILL_AUTO
2026-04-04 11:19:56,1775301596,R_10,5092.958,1,0.10399999999935972,BACKFILL_AUTO
2026-04-04 11:19:58,1775301598,R_10,5092.98,1,0.021999999999934516,BACKFILL_AUTO
2026-04-04 11:20:00,1775301600,R_10,5093.148,1,0.1680000000005748,BACKFILL_AUTO
2026-04-04 11:20:02,1775301602,R_10,5093.182,1,0.033999999999650754,BACKFILL_AUTO
2026-04-04 11:20:04,1775301604,R_10,5093.263,1,0.08100000000013097,BACKFILL_AUTO
2026-04-04 11:20:06,1775301606,R_10,5093.187,-1,0.07600000000002183,BACKFILL_AUTO
2026-04-04 11:20:08,1775301608,R_10,5093.103,-1,0.08399999999983265,BACKFILL_AUTO
2026-04-04 11:20:10,1775301610,R_10,5093.058,-1,0.04500000000007276,BACKFILL_AUTO
2026-04-04 11:20:12,1775301612,R_10,5092.903,-1,0.15499999999974534,BACKFILL_AUTO
2026-04-04 11:20:14,1775301614,R_10,5092.831,-1,0.07200000000011642,BACKFILL_AUTO
2026-04-04 11:20:16,1775301616,R_10,5092.712,-1,0.11899999999968713,BACKFILL_AUTO
2026-04-04 11:20:18,1775301618,R_10,5092.657,-1,0.05500000000029104,BACKFILL_AUTO
2026-04-04 11:20:20,1775301620,R_10,5092.585,-1,0.07200000000011642,BACKFILL_AUTO
2026-04-04 11:20:22,1775301622,R_10,5092.536,-1,0.04899999999997817,BACKFILL_AUTO
2026-04-04 11:20:24,1775301624,R_10,5092.479,-1,0.056999999999789,BACKFILL_AUTO
2026-04-04 11:20:26,1775301626,R_10,5092.408,-1,0.07099999999991269,BACKFILL_AUTO
2026-04-04 11:20:28,1775301628,R_10,5092.347,-1,0.061000000000603904,BACKFILL_AUTO
2026-04-04 11:20:30,1775301630,R_10,5092.287,-1,0.05999999999949068,BACKFILL_AUTO
2026-04-04 11:20:32,1775301632,R_10,5092.344,1,0.056999999999789,BACKFILL_AUTO
2026-04-04 11:20:34,1775301634,R_10,5092.332,-1,0.011999999999716238,BACKFILL_AUTO
2026-04-04 11:20:36,1775301636,R_10,5092.434,1,0.10199999999986176,BACKFILL_AUTO
2026-04-04 11:20:38,1775301638,R_10,5092.557,1,0.12299999999959255,BACKFILL_AUTO
2026-04-04 11:20:40,1775301640,R_10,5092.561,1,0.0039999999999054126,BACKFILL_AUTO
2026-04-04 11:20:42,1775301642,R_10,5092.527,-1,0.033999999999650754,BACKFILL_AUTO
2026-04-04 11:20:44,1775301644,R_10,5092.404,-1,0.12299999999959255,BACKFILL_AUTO
2026-04-04 11:20:46,1775301646,R_10,5092.326,-1,0.07800000000042928,BACKFILL_AUTO
2026-04-04 11:20:48,1775301648,R_10,5092.328,1,0.0020000000004074536,BACKFILL_AUTO
2026-04-04 11:20:50,1775301650,R_10,5092.212,-1,0.11599999999998545,BACKFILL_AUTO
2026-04-04 11:20:52,1775301652,R_10,5092.133,-1,0.07900000000063301,BACKFILL_AUTO
2026-04-04 11:20:54,1775301654,R_10,5092.089,-1,0.04399999999986903,BACKFILL_AUTO
2026-04-04 11:20:56,1775301656,R_10,5092.129,1,0.03999999999996362,BACKFILL_AUTO
2026-04-04 11:20:58,1775301658,R_10,5092.372,1,0.2430000000003929,BACKFILL_AUTO
2026-04-04 11:21:00,1775301660,R_10,5092.361,-1,0.011000000000422006,BACKFILL_AUTO
2026-04-04 11:21:02,1775301662,R_10,5092.436,1,0.0749999999998181,BACKFILL_AUTO
2026-04-04 11:21:04,1775301664,R_10,5092.376,-1,0.05999999999949068,BACKFILL_AUTO
2026-04-04 11:21:06,1775301666,R_10,5092.382,1,0.0059999999994033715,BACKFILL_AUTO
2026-04-04 11:21:08,1775301668,R_10,5092.416,1,0.03400000000056025,BACKFILL_AUTO
2026-04-04 11:21:10,1775301670,R_10,5092.276,-1,0.14000000000032742,BACKFILL_AUTO
2026-04-04 11:21:12,1775301672,R_10,5092.091,-1,0.18499999999949068,BACKFILL_AUTO
2026-04-04 11:21:14,1775301674,R_10,5092.092,1,0.0009999999992942321,BACKFILL_AUTO
2026-04-04 11:21:16,1775301676,R_10,5092.118,1,0.026000000000749424,BACKFILL_AUTO
2026-04-04 11:21:18,1775301678,R_10,5092.021,-1,0.09700000000066211,BACKFILL_AUTO
2026-04-04 11:21:20,1775301680,R_10,5092.05,1,0.02900000000045111,BACKFILL_AUTO
2026-04-04 11:21:22,1775301682,R_10,5092.156,1,0.10599999999976717,BACKFILL_AUTO
2026-04-04 11:21:24,1775301684,R_10,5092.113,-1,0.042999999999665306,BACKFILL_AUTO
2026-04-04 11:21:26,1775301686,R_10,5092.04,-1,0.07300000000032014,BACKFILL_AUTO
2026-04-04 11:21:28,1775301688,R_10,5091.96,-1,0.07999999999992724,BACKFILL_AUTO
2026-04-04 11:21:30,1775301690,R_10,5091.909,-1,0.051000000000385626,BACKFILL_AUTO
2026-04-04 11:21:32,1775301692,R_10,5091.837,-1,0.07199999999920692,BACKFILL_AUTO
2026-04-04 11:21:34,1775301694,R_10,5091.905,1,0.06799999999930151,BACKFILL_AUTO
2026-04-04 11:21:36,1775301696,R_10,5091.931,1,0.02599999999983993,BACKFILL_AUTO
2026-04-04 11:21:38,1775301698,R_10,5091.979,1,0.04800000000068394,BACKFILL_AUTO
2026-04-04 11:21:40,1775301700,R_10,5091.984,1,0.005000000000109139,BACKFILL_AUTO
2026-04-04 11:21:42,1775301702,R_10,5092.108,1,0.12399999999979627,BACKFILL_AUTO
2026-04-04 11:21:44,1775301704,R_10,5092.132,1,0.023999999999432475,BACKFILL_AUTO
2026-04-04 11:21:46,1775301706,R_10,5092.431,1,0.29899999999997817,BACKFILL_AUTO
2026-04-04 11:21:48,1775301708,R_10,5092.558,1,0.12700000000040745,BACKFILL_AUTO
2026-04-04 11:21:50,1775301710,R_10,5092.588,1,0.02999999999974534,BACKFILL_AUTO
2026-04-04 11:21:52,1775301712,R_10,5092.512,-1,0.07600000000002183,BACKFILL_AUTO
2026-04-04 11:21:54,1775301714,R_10,5092.577,1,0.06500000000050932,BACKFILL_AUTO
2026-04-04 11:21:56,1775301716,R_10,5092.489,-1,0.08800000000064756,BACKFILL_AUTO
2026-04-04 11:21:58,1775301718,R_10,5092.815,1,0.32600000000002183,BACKFILL_AUTO
2026-04-04 11:22:00,1775301720,R_10,5092.793,-1,0.021999999999934516,BACKFILL_AUTO
2026-04-04 11:22:02,1775301722,R_10,5092.86,1,0.06700000000000728,BACKFILL_AUTO
2026-04-04 11:22:04,1775301724,R_10,5093.007,1,0.14699999999993452,BACKFILL_AUTO
2026-04-04 11:22:06,1775301726,R_10,5093.099,1,0.09200000000055297,BACKFILL_AUTO
2026-04-04 11:22:08,1775301728,R_10,5093.114,1,0.014999999999417923,BACKFILL_AUTO
2026-04-04 11:22:10,1775301730,R_10,5092.977,-1,0.13699999999971624,BACKFILL_AUTO
2026-04-04 11:22:12,1775301732,R_10,5093.123,1,0.1459999999997308,BACKFILL_AUTO
2026-04-04 11:22:14,1775301734,R_10,5092.855,-1,0.2680000000000291,BACKFILL_AUTO
2026-04-04 11:22:16,1775301736,R_10,5092.813,-1,0.04199999999946158,BACKFILL_AUTO
2026-04-04 11:22:18,1775301738,R_10,5092.822,1,0.009000000000014552,BACKFILL_AUTO
2026-04-04 11:22:20,1775301740,R_10,5092.911,1,0.08899999999994179,BACKFILL_AUTO
2026-04-04 11:22:22,1775301742,R_10,5092.809,-1,0.10199999999986176,BACKFILL_AUTO
2026-04-04 11:22:24,1775301744,R_10,5092.466,-1,0.3429999999998472,BACKFILL_AUTO
2026-04-04 11:22:26,1775301746,R_10,5092.491,1,0.024999999999636202,BACKFILL_AUTO
2026-04-04 11:22:28,1775301748,R_10,5092.564,1,0.07300000000032014,BACKFILL_AUTO
2026-04-04 11:22:30,1775301750,R_10,5092.616,1,0.05199999999967986,BACKFILL_AUTO
2026-04-04 11:22:32,1775301752,R_10,5092.552,-1,0.06400000000030559,BACKFILL_AUTO
2026-04-04 11:22:34,1775301754,R_10,5092.499,-1,0.052999999999883585,BACKFILL_AUTO
2026-04-04 11:22:36,1775301756,R_10,5092.412,-1,0.08699999999953434,BACKFILL_AUTO
2026-04-04 11:22:38,1775301758,R_10,5092.442,1,0.02999999999974534,BACKFILL_AUTO
2026-04-04 11:22:40,1775301760,R_10,5092.562,1,0.11999999999989086,BACKFILL_AUTO
2026-04-04 11:22:42,1775301762,R_10,5092.656,1,0.09400000000005093,BACKFILL_AUTO
2026-04-04 11:22:44,1775301764,R_10,5092.583,-1,0.07300000000032014,BACKFILL_AUTO
2026-04-04 11:22:46,1775301766,R_10,5092.515,-1,0.06799999999930151,BACKFILL_AUTO
2026-04-04 11:22:48,1775301768,R_10,5092.696,1,0.18099999999958527,BACKFILL_AUTO
2026-04-04 11:22:50,1775301770,R_10,5092.829,1,0.13299999999981083,BACKFILL_AUTO
2026-04-04 11:22:52,1775301772,R_10,5092.782,-1,0.04699999999957072,BACKFILL_AUTO
2026-04-04 11:22:54,1775301774,R_10,5092.706,-1,0.07600000000002183,BACKFILL_AUTO
2026-04-04 11:22:56,1775301776,R_10,5092.724,1,0.018000000000029104,BACKFILL_AUTO
2026-04-04 11:22:58,1775301778,R_10,5092.829,1,0.10499999999956344,BACKFILL_AUTO
2026-04-04 11:23:00,1775301780,R_10,5092.629,-1,0.1999999999998181,BACKFILL_AUTO
2026-04-04 11:23:02,1775301782,R_10,5092.562,-1,0.06700000000000728,BACKFILL_AUTO
2026-04-04 11:23:04,1775301784,R_10,5092.81,1,0.24800000000050204,BACKFILL_AUTO
2026-04-04 11:23:06,1775301786,R_10,5092.75,-1,0.06000000000040018,BACKFILL_AUTO
2026-04-04 11:23:08,1775301788,R_10,5092.7,-1,0.0500000000001819,BACKFILL_AUTO
2026-04-04 11:23:10,1775301790,R_10,5092.78,1,0.07999999999992724,BACKFILL_AUTO
2026-04-04 11:23:12,1775301792,R_10,5092.875,1,0.09500000000025466,BACKFILL_AUTO
2026-04-04 11:23:14,1775301794,R_10,5092.95,1,0.0749999999998181,BACKFILL_AUTO
2026-04-04 11:23:16,1775301796,R_10,5093.051,1,0.10100000000056752,BACKFILL_AUTO
2026-04-04 11:23:18,1775301798,R_10,5093.185,1,0.13400000000001455,BACKFILL_AUTO
2026-04-04 11:23:20,1775301800,R_10,5093.274,1,0.08899999999994179,BACKFILL_AUTO
2026-04-04 11:23:22,1775301802,R_10,5093.382,1,0.10799999999926513,BACKFILL_AUTO
2026-04-04 11:23:24,1775301804,R_10,5093.266,-1,0.11599999999998545,BACKFILL_AUTO
2026-04-04 11:23:26,1775301806,R_10,5093.249,-1,0.016999999999825377,BACKFILL_AUTO
2026-04-04 11:23:28,1775301808,R_10,5093.106,-1,0.1430000000000291,BACKFILL_AUTO
2026-04-04 11:23:30,1775301810,R_10,5092.895,-1,0.2109999999993306,BACKFILL_AUTO
2026-04-04 11:23:32,1775301812,R_10,5092.857,-1,0.03800000000046566,BACKFILL_AUTO
2026-04-04 11:23:34,1775301814,R_10,5092.886,1,0.02900000000045111,BACKFILL_AUTO
2026-04-04 11:23:36,1775301816,R_10,5093.013,1,0.12699999999949796,BACKFILL_AUTO
2026-04-04 11:23:38,1775301818,R_10,5093.083,1,0.06999999999970896,BACKFILL_AUTO
2026-04-04 11:23:40,1775301820,R_10,5092.981,-1,0.10199999999986176,BACKFILL_AUTO
2026-04-04 11:23:42,1775301822,R_10,5093.023,1,0.042000000000371074,BACKFILL_AUTO
2026-04-04 11:23:44,1775301824,R_10,5093.095,1,0.07200000000011642,BACKFILL_AUTO
2026-04-04 11:23:46,1775301826,R_10,5093.015,-1,0.07999999999992724,BACKFILL_AUTO
2026-04-04 11:23:48,1775301828,R_10,5092.982,-1,0.03300000000035652,BACKFILL_AUTO
2026-04-04 11:23:50,1775301830,R_10,5093.138,1,0.15599999999994907,BACKFILL_AUTO
2026-04-04 11:23:52,1775301832,R_10,5093.016,-1,0.12200000000029831,BACKFILL_AUTO
2026-04-04 11:23:54,1775301834,R_10,5093.054,1,0.03800000000046566,BACKFILL_AUTO
2026-04-04 11:23:56,1775301836,R_10,5093.259,1,0.20499999999992724,BACKFILL_AUTO
2026-04-04 11:23:58,1775301838,R_10,5093.272,1,0.012999999999919964,BACKFILL_AUTO
2026-04-04 11:24:00,1775301840,R_10,5093.25,-1,0.021999999999934516,BACKFILL_AUTO
2026-04-04 11:24:02,1775301842,R_10,5093.249,-1,0.0010000000002037268,BACKFILL_AUTO
2026-04-04 11:24:04,1775301844,R_10,5093.329,1,0.07999999999992724,BACKFILL_AUTO
2026-04-04 11:24:06,1775301846,R_10,5093.598,1,0.26900000000023283,BACKFILL_AUTO
2026-04-04 11:24:08,1775301848,R_10,5093.476,-1,0.12200000000029831,BACKFILL_AUTO
2026-04-04 11:24:10,1775301850,R_10,5093.107,-1,0.36899999999968713,BACKFILL_AUTO
2026-04-04 11:24:12,1775301852,R_10,5092.977,-1,0.13000000000010914,BACKFILL_AUTO
2026-04-04 11:24:14,1775301854,R_10,5092.733,-1,0.24399999999968713,BACKFILL_AUTO
2026-04-04 11:24:16,1775301856,R_10,5092.804,1,0.07099999999991269,BACKFILL_AUTO
2026-04-04 11:24:18,1775301858,R_10,5092.796,-1,0.007999999999810825,BACKFILL_AUTO
2026-04-04 11:24:20,1775301860,R_10,5092.671,-1,0.125,BACKFILL_AUTO
2026-04-04 11:24:22,1775301862,R_10,5092.638,-1,0.03300000000035652,BACKFILL_AUTO
2026-04-04 11:24:24,1775301864,R_10,5092.537,-1,0.10099999999965803,BACKFILL_AUTO
2026-04-04 11:24:26,1775301866,R_10,5092.375,-1,0.16200000000026193,BACKFILL_AUTO
2026-04-04 11:24:28,1775301868,R_10,5092.524,1,0.14900000000034197,BACKFILL_AUTO
2026-04-04 11:24:30,1775301870,R_10,5092.452,-1,0.07200000000011642,BACKFILL_AUTO
2026-04-04 11:24:32,1775301872,R_10,5092.422,-1,0.030000000000654836,BACKFILL_AUTO
2026-04-04 11:24:34,1775301874,R_10,5092.525,1,0.10300000000006548,BACKFILL_AUTO
2026-04-04 11:24:36,1775301876,R_10,5092.47,-1,0.054999999999381544,BACKFILL_AUTO
2026-04-04 11:24:38,1775301878,R_10,5092.374,-1,0.09600000000045839,BACKFILL_AUTO
2026-04-04 11:24:40,1775301880,R_10,5092.053,-1,0.3209999999999127,BACKFILL_AUTO
2026-04-04 11:24:42,1775301882,R_10,5092.029,-1,0.023999999999432475,BACKFILL_AUTO
2026-04-04 11:24:44,1775301884,R_10,5091.977,-1,0.05200000000058935,BACKFILL_AUTO
2026-04-04 11:24:46,1775301886,R_10,5092.183,1,0.20600000000013097,BACKFILL_AUTO
2026-04-04 11:24:48,1775301888,R_10,5092.056,-1,0.12700000000040745,BACKFILL_AUTO
2026-04-04 11:24:50,1775301890,R_10,5091.913,-1,0.1430000000000291,BACKFILL_AUTO
2026-04-04 11:24:52,1775301892,R_10,5091.948,1,0.035000000000763976,BACKFILL_AUTO
2026-04-04 11:24:54,1775301894,R_10,5091.871,-1,0.07700000000022555,BACKFILL_AUTO
2026-04-04 11:24:56,1775301896,R_10,5091.855,-1,0.016000000000531145,BACKFILL_AUTO
2026-04-04 11:24:58,1775301898,R_10,5091.763,-1,0.09199999999964348,BACKFILL_AUTO
2026-04-04 11:25:00,1775301900,R_10,5091.652,-1,0.11099999999987631,BACKFILL_AUTO
2026-04-04 11:25:02,1775301902,R_10,5091.67,1,0.018000000000029104,BACKFILL_AUTO
2026-04-04 11:25:04,1775301904,R_10,5091.618,-1,0.05199999999967986,BACKFILL_AUTO
2026-04-04 11:25:06,1775301906,R_10,5091.578,-1,0.03999999999996362,BACKFILL_AUTO
2026-04-04 11:25:08,1775301908,R_10,5091.453,-1,0.125,BACKFILL_AUTO
2026-04-04 11:25:10,1775301910,R_10,5091.681,1,0.227999999999156,BACKFILL_AUTO
2026-04-04 11:25:12,1775301912,R_10,5091.944,1,0.26300000000082946,BACKFILL_AUTO
2026-04-04 11:25:14,1775301914,R_10,5092.124,1,0.17999999999938154,BACKFILL_AUTO
2026-04-04 11:25:16,1775301916,R_10,5092.314,1,0.19000000000050932,BACKFILL_AUTO
2026-04-04 11:25:18,1775301918,R_10,5092.176,-1,0.13799999999991996,BACKFILL_AUTO
2026-04-04 11:25:20,1775301920,R_10,5092.257,1,0.08099999999922147,BACKFILL_AUTO
2026-04-04 11:25:22,1775301922,R_10,5092.475,1,0.2180000000007567,BACKFILL_AUTO
2026-04-04 11:25:24,1775301924,R_10,5092.687,1,0.21199999999953434,BACKFILL_AUTO
2026-04-04 11:25:26,1775301926,R_10,5092.732,1,0.04500000000007276,BACKFILL_AUTO
2026-04-04 11:25:28,1775301928,R_10,5092.621,-1,0.11099999999987631,BACKFILL_AUTO
2026-04-04 11:25:30,1775301930,R_10,5092.53,-1,0.09100000000034925,BACKFILL_AUTO
2026-04-04 11:25:32,1775301932,R_10,5092.345,-1,0.18499999999949068,BACKFILL_AUTO
2026-04-04 11:25:34,1775301934,R_10,5092.379,1,0.033999999999650754,BACKFILL_AUTO
2026-04-04 11:25:36,1775301936,R_10,5092.267,-1,0.11200000000008004,BACKFILL_AUTO
2026-04-04 11:25:38,1775301938,R_10,5092.251,-1,0.01599999999962165,BACKFILL_AUTO
2026-04-04 11:25:40,1775301940,R_10,5092.267,1,0.01599999999962165,BACKFILL_AUTO
2026-04-04 11:25:42,1775301942,R_10,5092.261,-1,0.0059999999994033715,BACKFILL_AUTO
2026-04-04 11:25:44,1775301944,R_10,5092.26,-1,0.0010000000002037268,BACKFILL_AUTO
2026-04-04 11:25:46,1775301946,R_10,5092.233,-1,0.027000000000043656,BACKFILL_AUTO
2026-04-04 11:25:48,1775301948,R_10,5092.104,-1,0.1289999999999054,BACKFILL_AUTO
2026-04-04 11:25:50,1775301950,R_10,5092.181,1,0.07699999999931606,BACKFILL_AUTO
2026-04-04 11:25:52,1775301952,R_10,5092.163,-1,0.018000000000029104,BACKFILL_AUTO
2026-04-04 11:25:54,1775301954,R_10,5091.961,-1,0.20199999999931606,BACKFILL_AUTO
2026-04-04 11:25:56,1775301956,R_10,5092.187,1,0.22599999999965803,BACKFILL_AUTO
2026-04-04 11:25:58,1775301958,R_10,5092.278,1,0.09100000000034925,BACKFILL_AUTO
2026-04-04 11:26:00,1775301960,R_10,5092.27,-1,0.007999999999810825,BACKFILL_AUTO
2026-04-04 11:26:02,1775301962,R_10,5092.172,-1,0.09800000000086584,BACKFILL_AUTO
2026-04-04 11:26:04,1775301964,R_10,5091.975,-1,0.19699999999920692,BACKFILL_AUTO
2026-04-04 11:26:06,1775301966,R_10,5091.785,-1,0.19000000000050932,BACKFILL_AUTO
2026-04-04 11:26:08,1775301968,R_10,5091.727,-1,0.057999999999992724,BACKFILL_AUTO
2026-04-04 11:26:10,1775301970,R_10,5091.373,-1,0.3540000000002692,BACKFILL_AUTO
2026-04-04 11:26:12,1775301972,R_10,5091.486,1,0.11300000000028376,BACKFILL_AUTO
2026-04-04 11:26:14,1775301974,R_10,5091.432,-1,0.05400000000008731,BACKFILL_AUTO
2026-04-04 11:26:16,1775301976,R_10,5091.458,1,0.02599999999983993,BACKFILL_AUTO
2026-04-04 11:26:18,1775301978,R_10,5091.302,-1,0.15599999999994907,BACKFILL_AUTO
2026-04-04 11:26:20,1775301980,R_10,5091.214,-1,0.08799999999973807,BACKFILL_AUTO
2026-04-04 11:26:22,1775301982,R_10,5091.365,1,0.15099999999983993,BACKFILL_AUTO
2026-04-04 11:26:24,1775301984,R_10,5091.172,-1,0.193000000000211,BACKFILL_AUTO
2026-04-04 11:26:26,1775301986,R_10,5091.241,1,0.06900000000041473,BACKFILL_AUTO
2026-04-04 11:26:28,1775301988,R_10,5091.3,1,0.05900000000019645,BACKFILL_AUTO
2026-04-04 11:26:30,1775301990,R_10,5091.154,-1,0.1459999999997308,BACKFILL_AUTO
2026-04-04 11:26:32,1775301992,R_10,5091.184,1,0.02999999999974534,BACKFILL_AUTO
2026-04-04 11:26:34,1775301994,R_10,5091.136,-1,0.047999999999774445,BACKFILL_AUTO
2026-04-04 11:26:36,1775301996,R_10,5091.016,-1,0.12000000000080036,BACKFILL_AUTO
2026-04-04 11:26:38,1775301998,R_10,5091.074,1,0.057999999999992724,BACKFILL_AUTO
2026-04-04 11:26:40,1775302000,R_10,5091.033,-1,0.04099999999925785,BACKFILL_AUTO
2026-04-04 11:26:42,1775302002,R_10,5091.329,1,0.295999999999367,BACKFILL_AUTO
2026-04-04 11:26:44,1775302004,R_10,5091.545,1,0.21600000000034925,BACKFILL_AUTO
2026-04-04 11:26:46,1775302006,R_10,5091.698,1,0.15300000000024738,BACKFILL_AUTO
2026-04-04 11:26:48,1775302008,R_10,5091.68,-1,0.018000000000029104,BACKFILL_AUTO
2026-04-04 11:26:50,1775302010,R_10,5091.688,1,0.007999999999810825,BACKFILL_AUTO
2026-04-04 11:26:52,1775302012,R_10,5091.696,1,0.007999999999810825,BACKFILL_AUTO
2026-04-04 11:26:54,1775302014,R_10,5091.567,-1,0.1289999999999054,BACKFILL_AUTO
2026-04-04 11:26:56,1775302016,R_10,5091.557,-1,0.010000000000218279,BACKFILL_AUTO
2026-04-04 11:26:58,1775302018,R_10,5091.626,1,0.06900000000041473,BACKFILL_AUTO
2026-04-04 11:27:00,1775302020,R_10,5091.493,-1,0.13299999999981083,BACKFILL_AUTO
2026-04-04 11:27:02,1775302022,R_10,5091.709,1,0.21599999999943975,BACKFILL_AUTO
2026-04-04 11:27:04,1775302024,R_10,5091.668,-1,0.04100000000016735,BACKFILL_AUTO
2026-04-04 11:27:06,1775302026,R_10,5091.577,-1,0.09099999999943975,BACKFILL_AUTO
2026-04-04 11:27:08,1775302028,R_10,5091.565,-1,0.012000000000625732,BACKFILL_AUTO
2026-04-04 11:27:10,1775302030,R_10,5091.542,-1,0.02299999999922875,BACKFILL_AUTO
2026-04-04 11:27:12,1775302032,R_10,5091.372,-1,0.17000000000007276,BACKFILL_AUTO
2026-04-04 11:27:14,1775302034,R_10,5091.406,1,0.033999999999650754,BACKFILL_AUTO
2026-04-04 11:27:16,1775302036,R_10,5091.457,1,0.051000000000385626,BACKFILL_AUTO
2026-04-04 11:27:18,1775302038,R_10,5091.483,1,0.02599999999983993,BACKFILL_AUTO
2026-04-04 11:27:20,1775302040,R_10,5091.718,1,0.23499999999967258,BACKFILL_AUTO
2026-04-04 11:27:22,1775302042,R_10,5091.814,1,0.09600000000045839,BACKFILL_AUTO
2026-04-04 11:27:24,1775302044,R_10,5091.862,1,0.047999999999774445,BACKFILL_AUTO
2026-04-04 11:27:26,1775302046,R_10,5091.916,1,0.05400000000008731,BACKFILL_AUTO
2026-04-04 11:27:28,1775302048,R_10,5091.92,1,0.0039999999999054126,BACKFILL_AUTO
2026-04-04 11:27:30,1775302050,R_10,5092.353,1,0.4329999999999927,BACKFILL_AUTO
2026-04-04 11:27:32,1775302052,R_10,5092.221,-1,0.1320000000005166,BACKFILL_AUTO
2026-04-04 11:27:34,1775302054,R_10,5092.095,-1,0.12599999999929423,BACKFILL_AUTO
2026-04-04 11:27:36,1775302056,R_10,5092.139,1,0.04399999999986903,BACKFILL_AUTO
2026-04-04 11:27:38,1775302058,R_10,5092.002,-1,0.13699999999971624,BACKFILL_AUTO
2026-04-04 11:27:40,1775302060,R_10,5091.76,-1,0.24200000000018917,BACKFILL_AUTO
2026-04-04 11:27:42,1775302062,R_10,5091.776,1,0.01599999999962165,BACKFILL_AUTO
2026-04-04 11:27:44,1775302064,R_10,5091.739,-1,0.037000000000261934,BACKFILL_AUTO
2026-04-04 11:27:46,1775302066,R_10,5091.654,-1,0.08499999999912689,BACKFILL_AUTO
2026-04-04 11:27:48,1775302068,R_10,5091.662,1,0.007999999999810825,BACKFILL_AUTO
2026-04-04 11:27:50,1775302070,R_10,5091.579,-1,0.08300000000053842,BACKFILL_AUTO
2026-04-04 11:27:52,1775302072,R_10,5091.557,-1,0.021999999999934516,BACKFILL_AUTO
2026-04-04 11:27:54,1775302074,R_10,5091.713,1,0.15599999999994907,BACKFILL_AUTO
2026-04-04 11:27:56,1775302076,R_10,5091.587,-1,0.12599999999929423,BACKFILL_AUTO
2026-04-04 11:27:58,1775302078,R_10,5091.76,1,0.17299999999977445,BACKFILL_AUTO
2026-04-04 11:28:00,1775302080,R_10,5091.874,1,0.113999999999578,BACKFILL_AUTO
2026-04-04 11:28:02,1775302082,R_10,5091.792,-1,0.0819999999994252,BACKFILL_AUTO
2026-04-04 11:28:04,1775302084,R_10,5091.797,1,0.004999999999199645,BACKFILL_AUTO
2026-04-04 11:28:06,1775302086,R_10,5091.602,-1,0.19499999999970896,BACKFILL_AUTO
2026-04-04 11:28:08,1775302088,R_10,5091.614,1,0.011999999999716238,BACKFILL_AUTO
2026-04-04 11:28:10,1775302090,R_10,5091.824,1,0.21000000000003638,BACKFILL_AUTO
2026-04-04 11:28:12,1775302092,R_10,5091.774,-1,0.049999999999272404,BACKFILL_AUTO
2026-04-04 11:28:14,1775302094,R_10,5091.671,-1,0.10300000000006548,BACKFILL_AUTO
2026-04-04 11:28:16,1775302096,R_10,5091.811,1,0.13999999999941792,BACKFILL_AUTO
2026-04-04 11:28:18,1775302098,R_10,5091.83,1,0.01900000000023283,BACKFILL_AUTO
2026-04-04 11:28:20,1775302100,R_10,5091.687,-1,0.1430000000000291,BACKFILL_AUTO
2026-04-04 11:28:22,1775302102,R_10,5091.516,-1,0.1710000000002765,BACKFILL_AUTO
2026-04-04 11:28:24,1775302104,R_10,5091.599,1,0.08300000000053842,BACKFILL_AUTO
2026-04-04 11:28:26,1775302106,R_10,5091.673,1,0.07399999999961437,BACKFILL_AUTO
2026-04-04 11:28:28,1775302108,R_10,5091.638,-1,0.03499999999985448,BACKFILL_AUTO
2026-04-04 11:28:30,1775302110,R_10,5091.545,-1,0.0929999999998472,BACKFILL_AUTO
2026-04-04 11:28:32,1775302112,R_10,5091.453,-1,0.09199999999964348,BACKFILL_AUTO
2026-04-04 11:28:34,1775302114,R_10,5091.436,-1,0.01700000000073487,BACKFILL_AUTO
2026-04-04 11:28:36,1775302116,R_10,5091.425,-1,0.01099999999951251,BACKFILL_AUTO
2026-04-04 11:28:38,1775302118,R_10,5091.312,-1,0.11300000000028376,BACKFILL_AUTO
2026-04-04 11:28:40,1775302120,R_10,5091.298,-1,0.014000000000123691,BACKFILL_AUTO
2026-04-04 11:28:42,1775302122,R_10,5091.216,-1,0.0819999999994252,BACKFILL_AUTO
2026-04-04 11:28:44,1775302124,R_10,5091.079,-1,0.13700000000062573,BACKFILL_AUTO
2026-04-04 11:28:46,1775302126,R_10,5091.221,1,0.14199999999982538,BACKFILL_AUTO
2026-04-04 11:28:48,1775302128,R_10,5091.121,-1,0.0999999999994543,BACKFILL_AUTO
2026-04-04 11:28:50,1775302130,R_10,5091.114,-1,0.007000000000516593,BACKFILL_AUTO
2026-04-04 11:28:52,1775302132,R_10,5091.493,1,0.3790000000008149,BACKFILL_AUTO
2026-04-04 11:28:54,1775302134,R_10,5091.536,1,0.042999999999665306,BACKFILL_AUTO
2026-04-04 11:28:56,1775302136,R_10,5091.419,-1,0.11700000000018917,BACKFILL_AUTO
2026-04-04 11:28:58,1775302138,R_10,5091.423,1,0.0039999999999054126,BACKFILL_AUTO
2026-04-04 11:29:00,1775302140,R_10,5091.193,-1,0.22999999999956344,BACKFILL_AUTO
2026-04-04 11:29:02,1775302142,R_10,5091.202,1,0.009000000000014552,BACKFILL_AUTO
2026-04-04 11:29:04,1775302144,R_10,5091.018,-1,0.18400000000019645,BACKFILL_AUTO
2026-04-04 11:29:06,1775302146,R_10,5091.154,1,0.136000000000422,BACKFILL_AUTO
2026-04-04 11:29:08,1775302148,R_10,5091.204,1,0.049999999999272404,BACKFILL_AUTO
2026-04-04 11:29:10,1775302150,R_10,5091.161,-1,0.042999999999665306,BACKFILL_AUTO
2026-04-04 11:29:12,1775302152,R_10,5091.398,1,0.23700000000008004,BACKFILL_AUTO
2026-04-04 11:29:14,1775302154,R_10,5091.379,-1,0.01900000000023283,BACKFILL_AUTO
2026-04-04 11:29:16,1775302156,R_10,5091.375,-1,0.0039999999999054126,BACKFILL_AUTO
2026-04-04 11:29:18,1775302158,R_10,5091.443,1,0.068000000000211,BACKFILL_AUTO
2026-04-04 11:29:20,1775302160,R_10,5091.716,1,0.27300000000013824,BACKFILL_AUTO
2026-04-04 11:29:22,1775302162,R_10,5091.646,-1,0.07000000000061846,BACKFILL_AUTO
2026-04-04 11:29:24,1775302164,R_10,5091.681,1,0.03499999999985448,BACKFILL_AUTO
2026-04-04 11:29:26,1775302166,R_10,5091.765,1,0.08400000000074215,BACKFILL_AUTO
2026-04-04 11:29:28,1775302168,R_10,5091.82,1,0.054999999999381544,BACKFILL_AUTO
2026-04-04 11:29:30,1775302170,R_10,5091.709,-1,0.11099999999987631,BACKFILL_AUTO
2026-04-04 11:29:32,1775302172,R_10,5091.482,-1,0.22699999999986176,BACKFILL_AUTO
2026-04-04 11:29:34,1775302174,R_10,5091.255,-1,0.22699999999986176,BACKFILL_AUTO
2026-04-04 11:29:36,1775302176,R_10,5090.97,-1,0.2849999999998545,BACKFILL_AUTO
2026-04-04 11:29:38,1775302178,R_10,5091.022,1,0.05199999999967986,BACKFILL_AUTO
2026-04-04 11:29:40,1775302180,R_10,5091.099,1,0.07700000000022555,BACKFILL_AUTO
2026-04-04 11:29:42,1775302182,R_10,5091.076,-1,0.023000000000138243,BACKFILL_AUTO
2026-04-04 11:29:44,1775302184,R_10,5091.042,-1,0.033999999999650754,BACKFILL_AUTO
2026-04-04 11:29:46,1775302186,R_10,5090.945,-1,0.09700000000066211,BACKFILL_AUTO
2026-04-04 11:29:48,1775302188,R_10,5090.708,-1,0.23700000000008004,BACKFILL_AUTO
2026-04-04 11:29:50,1775302190,R_10,5090.652,-1,0.05599999999958527,BACKFILL_AUTO
2026-04-04 11:29:52,1775302192,R_10,5090.756,1,0.10400000000026921,BACKFILL_AUTO
2026-04-04 11:29:54,1775302194,R_10,5090.781,1,0.024999999999636202,BACKFILL_AUTO
2026-04-04 11:29:56,1775302196,R_10,5091.171,1,0.3900000000003274,BACKFILL_AUTO
2026-04-04 11:29:58,1775302198,R_10,5091.137,-1,0.03400000000056025,BACKFILL_AUTO
2026-04-04 11:30:00,1775302200,R_10,5091.38,1,0.2430000000003929,BACKFILL_AUTO
2026-04-04 11:30:02,1775302202,R_10,5091.434,1,0.05400000000008731,BACKFILL_AUTO
2026-04-04 11:30:04,1775302204,R_10,5091.372,-1,0.06199999999989814,BACKFILL_AUTO
2026-04-04 11:30:06,1775302206,R_10,5091.504,1,0.1319999999996071,BACKFILL_AUTO
2026-04-04 11:30:08,1775302208,R_10,5091.571,1,0.06700000000000728,BACKFILL_AUTO
2026-04-04 11:30:10,1775302210,R_10,5091.865,1,0.29399999999986903,BACKFILL_AUTO
2026-04-04 11:30:12,1775302212,R_10,5091.934,1,0.06900000000041473,BACKFILL_AUTO
2026-04-04 11:30:14,1775302214,R_10,5092.06,1,0.12600000000020373,BACKFILL_AUTO
2026-04-04 11:30:16,1775302216,R_10,5092.143,1,0.08299999999962893,BACKFILL_AUTO
2026-04-04 11:30:18,1775302218,R_10,5092.157,1,0.014000000000123691,BACKFILL_AUTO
2026-04-04 11:30:20,1775302220,R_10,5092.217,1,0.05999999999949068,BACKFILL_AUTO
2026-04-04 11:30:22,1775302222,R_10,5092.078,-1,0.1389999999992142,BACKFILL_AUTO
2026-04-04 11:30:24,1775302224,R_10,5092.189,1,0.11099999999987631,BACKFILL_AUTO
2026-04-04 11:30:26,1775302226,R_10,5092.274,1,0.08500000000003638,BACKFILL_AUTO
2026-04-04 11:30:28,1775302228,R_10,5091.944,-1,0.32999999999992724,BACKFILL_AUTO
2026-04-04 11:30:30,1775302230,R_10,5091.928,-1,0.016000000000531145,BACKFILL_AUTO
2026-04-04 11:30:32,1775302232,R_10,5091.998,1,0.06999999999970896,BACKFILL_AUTO
2026-04-04 11:30:34,1775302234,R_10,5091.715,-1,0.282999999999447,BACKFILL_AUTO
2026-04-04 11:30:36,1775302236,R_10,5091.682,-1,0.03300000000035652,BACKFILL_AUTO
2026-04-04 11:30:38,1775302238,R_10,5091.64,-1,0.04199999999946158,BACKFILL_AUTO
2026-04-04 11:30:40,1775302240,R_10,5091.351,-1,0.2890000000006694,BACKFILL_AUTO
2026-04-04 11:30:42,1775302242,R_10,5091.361,1,0.010000000000218279,BACKFILL_AUTO
2026-04-04 11:30:44,1775302244,R_10,5091.454,1,0.0929999999998472,BACKFILL_AUTO
2026-04-04 11:30:46,1775302246,R_10,5091.389,-1,0.06499999999959982,BACKFILL_AUTO
2026-04-04 11:30:48,1775302248,R_10,5091.462,1,0.07300000000032014,BACKFILL_AUTO
2026-04-04 11:30:50,1775302250,R_10,5091.449,-1,0.01300000000082946,BACKFILL_AUTO
2026-04-04 11:30:52,1775302252,R_10,5091.376,-1,0.07299999999941065,BACKFILL_AUTO
2026-04-04 11:30:54,1775302254,R_10,5091.436,1,0.05999999999949068,BACKFILL_AUTO
2026-04-04 11:30:56,1775302256,R_10,5091.14,-1,0.295999999999367,BACKFILL_AUTO
2026-04-04 11:30:58,1775302258,R_10,5091.062,-1,0.07800000000042928,BACKFILL_AUTO
2026-04-04 11:31:00,1775302260,R_10,5091.22,1,0.15800000000035652,BACKFILL_AUTO
2026-04-04 11:31:02,1775302262,R_10,5091.278,1,0.057999999999992724,BACKFILL_AUTO
2026-04-04 11:31:04,1775302264,R_10,5091.412,1,0.13400000000001455,BACKFILL_AUTO
2026-04-04 11:31:06,1775302266,R_10,5091.493,1,0.08100000000013097,BACKFILL_AUTO
2026-04-04 11:31:08,1775302268,R_10,5091.495,1,0.001999999999497959,BACKFILL_AUTO
2026-04-04 11:31:10,1775302270,R_10,5091.518,1,0.023000000000138243,BACKFILL_AUTO
2026-04-04 11:31:12,1775302272,R_10,5091.565,1,0.04699999999957072,BACKFILL_AUTO
2026-04-04 11:31:14,1775302274,R_10,5091.416,-1,0.14899999999943248,BACKFILL_AUTO
2026-04-04 11:31:16,1775302276,R_10,5091.431,1,0.014999999999417923,BACKFILL_AUTO
2026-04-04 11:31:18,1775302278,R_10,5091.429,-1,0.001999999999497959,BACKFILL_AUTO
2026-04-04 11:31:20,1775302280,R_10,5091.321,-1,0.10800000000017462,BACKFILL_AUTO
2026-04-04 11:31:22,1775302282,R_10,5091.421,1,0.1000000000003638,BACKFILL_AUTO
2026-04-04 11:31:24,1775302284,R_10,5091.55,1,0.1289999999999054,BACKFILL_AUTO
2026-04-04 11:31:26,1775302286,R_10,5091.604,1,0.05400000000008731,BACKFILL_AUTO
2026-04-04 11:31:28,1775302288,R_10,5091.52,-1,0.08399999999983265,BACKFILL_AUTO
2026-04-04 11:31:30,1775302290,R_10,5091.586,1,0.06599999999980355,BACKFILL_AUTO
2026-04-04 11:31:32,1775302292,R_10,5091.774,1,0.18800000000010186,BACKFILL_AUTO
2026-04-04 11:31:34,1775302294,R_10,5091.839,1,0.06499999999959982,BACKFILL_AUTO
2026-04-04 11:31:36,1775302296,R_10,5091.739,-1,0.1000000000003638,BACKFILL_AUTO
2026-04-04 11:31:38,1775302298,R_10,5091.663,-1,0.07600000000002183,BACKFILL_AUTO
2026-04-04 11:31:40,1775302300,R_10,5091.584,-1,0.07899999999972351,BACKFILL_AUTO
2026-04-04 11:31:42,1775302302,R_10,5091.41,-1,0.17399999999997817,BACKFILL_AUTO
2026-04-04 11:31:44,1775302304,R_10,5091.563,1,0.15300000000024738,BACKFILL_AUTO
2026-04-04 11:31:46,1775302306,R_10,5091.557,-1,0.006000000000312866,BACKFILL_AUTO
2026-04-04 11:31:48,1775302308,R_10,5091.465,-1,0.09199999999964348,BACKFILL_AUTO
2026-04-04 11:31:50,1775302310,R_10,5091.507,1,0.04199999999946158,BACKFILL_AUTO
2026-04-04 11:31:52,1775302312,R_10,5091.563,1,0.056000000000494765,BACKFILL_AUTO
2026-04-04 11:31:54,1775302314,R_10,5091.566,1,0.0029999999997016857,BACKFILL_AUTO
2026-04-04 11:31:56,1775302316,R_10,5091.627,1,0.061000000000603904,BACKFILL_AUTO
2026-04-04 11:31:58,1775302318,R_10,5091.699,1,0.07199999999920692,BACKFILL_AUTO
2026-04-04 11:32:00,1775302320,R_10,5091.78,1,0.08100000000013097,BACKFILL_AUTO
2026-04-04 11:32:02,1775302322,R_10,5091.779,-1,0.0009999999992942321,BACKFILL_AUTO
2026-04-04 11:32:04,1775302324,R_10,5091.695,-1,0.08400000000074215,BACKFILL_AUTO
2026-04-04 11:32:06,1775302326,R_10,5091.574,-1,0.12100000000009459,BACKFILL_AUTO
2026-04-04 11:32:08,1775302328,R_10,5091.548,-1,0.02599999999983993,BACKFILL_AUTO
2026-04-04 11:32:10,1775302330,R_10,5091.415,-1,0.13299999999981083,BACKFILL_AUTO
2026-04-04 11:32:12,1775302332,R_10,5091.51,1,0.09500000000025466,BACKFILL_AUTO
2026-04-04 11:32:14,1775302334,R_10,5091.3,-1,0.21000000000003638,BACKFILL_AUTO
2026-04-04 11:32:16,1775302336,R_10,5091.372,1,0.07200000000011642,BACKFILL_AUTO
2026-04-04 11:32:18,1775302338,R_10,5091.131,-1,0.24099999999998545,BACKFILL_AUTO
2026-04-04 11:32:20,1775302340,R_10,5090.969,-1,0.16200000000026193,BACKFILL_AUTO
2026-04-04 11:32:22,1775302342,R_10,5090.901,-1,0.068000000000211,BACKFILL_AUTO
2026-04-04 11:32:24,1775302344,R_10,5090.984,1,0.08300000000053842,BACKFILL_AUTO
2026-04-04 11:32:26,1775302346,R_10,5091.214,1,0.22999999999956344,BACKFILL_AUTO
2026-04-04 11:32:28,1775302348,R_10,5091.253,1,0.03899999999975989,BACKFILL_AUTO
2026-04-04 11:32:30,1775302350,R_10,5091.284,1,0.03099999999994907,BACKFILL_AUTO
2026-04-04 11:32:32,1775302352,R_10,5091.484,1,0.2000000000007276,BACKFILL_AUTO
2026-04-04 11:32:34,1775302354,R_10,5091.403,-1,0.08100000000013097,BACKFILL_AUTO
2026-04-04 11:32:36,1775302356,R_10,5091.294,-1,0.10900000000037835,BACKFILL_AUTO
2026-04-04 11:32:38,1775302358,R_10,5091.328,1,0.03400000000056025,BACKFILL_AUTO
2026-04-04 11:32:40,1775302360,R_10,5091.189,-1,0.1390000000001237,BACKFILL_AUTO
2026-04-04 11:32:42,1775302362,R_10,5091.193,1,0.0039999999999054126,BACKFILL_AUTO
2026-04-04 11:32:44,1775302364,R_10,5091.255,1,0.06199999999989814,BACKFILL_AUTO
2026-04-04 11:32:46,1775302366,R_10,5091.248,-1,0.007000000000516593,BACKFILL_AUTO
2026-04-04 11:32:48,1775302368,R_10,5091.148,-1,0.0999999999994543,BACKFILL_AUTO
2026-04-04 11:32:50,1775302370,R_10,5091.243,1,0.09500000000025466,BACKFILL_AUTO
2026-04-04 11:32:52,1775302372,R_10,5091.336,1,0.0929999999998472,BACKFILL_AUTO
2026-04-04 11:32:54,1775302374,R_10,5091.147,-1,0.1890000000003056,BACKFILL_AUTO
2026-04-04 11:32:56,1775302376,R_10,5090.899,-1,0.24799999999959255,BACKFILL_AUTO
2026-04-04 11:32:58,1775302378,R_10,5091.006,1,0.1069999999999709,BACKFILL_AUTO
2026-04-04 11:33:00,1775302380,R_10,5090.983,-1,0.023000000000138243,BACKFILL_AUTO
2026-04-04 11:33:02,1775302382,R_10,5090.947,-1,0.03600000000005821,BACKFILL_AUTO
2026-04-04 11:33:04,1775302384,R_10,5091.112,1,0.16499999999996362,BACKFILL_AUTO
2026-04-04 11:33:06,1775302386,R_10,5091.065,-1,0.04700000000048021,BACKFILL_AUTO
2026-04-04 11:33:08,1775302388,R_10,5091.219,1,0.1540000000004511,BACKFILL_AUTO
2026-04-04 11:33:10,1775302390,R_10,5091.313,1,0.09400000000005093,BACKFILL_AUTO
2026-04-04 11:33:12,1775302392,R_10,5091.24,-1,0.07300000000032014,BACKFILL_AUTO
2026-04-04 11:33:14,1775302394,R_10,5091.275,1,0.03499999999985448,BACKFILL_AUTO
2026-04-04 11:33:16,1775302396,R_10,5091.2,-1,0.0749999999998181,BACKFILL_AUTO
2026-04-04 11:33:18,1775302398,R_10,5091.174,-1,0.02599999999983993,BACKFILL_AUTO
2026-04-04 11:33:20,1775302400,R_10,5091.25,1,0.07600000000002183,BACKFILL_AUTO
2026-04-04 11:33:22,1775302402,R_10,5091.199,-1,0.051000000000385626,BACKFILL_AUTO
2026-04-04 11:33:24,1775302404,R_10,5091.17,-1,0.028999999999541615,BACKFILL_AUTO
2026-04-04 11:33:26,1775302406,R_10,5091.169,-1,0.0010000000002037268,BACKFILL_AUTO
2026-04-04 11:33:28,1775302408,R_10,5091.218,1,0.04899999999997817,BACKFILL_AUTO
2026-04-04 11:33:30,1775302410,R_10,5091.147,-1,0.07099999999991269,BACKFILL_AUTO
2026-04-04 11:33:32,1775302412,R_10,5091.063,-1,0.08399999999983265,BACKFILL_AUTO
2026-04-04 11:33:34,1775302414,R_10,5090.819,-1,0.24399999999968713,BACKFILL_AUTO
2026-04-04 11:33:36,1775302416,R_10,5090.634,-1,0.18500000000040018,BACKFILL_AUTO
2026-04-04 11:33:38,1775302418,R_10,5090.561,-1,0.07300000000032014,BACKFILL_AUTO
2026-04-04 11:33:40,1775302420,R_10,5090.507,-1,0.05400000000008731,BACKFILL_AUTO
2026-04-04 11:33:42,1775302422,R_10,5090.376,-1,0.13099999999940337,BACKFILL_AUTO
2026-04-04 11:33:44,1775302424,R_10,5090.185,-1,0.19099999999980355,BACKFILL_AUTO
2026-04-04 11:33:46,1775302426,R_10,5090.346,1,0.1609999999991487,BACKFILL_AUTO
2026-04-04 11:33:48,1775302428,R_10,5090.286,-1,0.05999999999949068,BACKFILL_AUTO
2026-04-04 11:33:50,1775302430,R_10,5090.504,1,0.2179999999998472,BACKFILL_AUTO
2026-04-04 11:33:52,1775302432,R_10,5090.473,-1,0.03099999999994907,BACKFILL_AUTO
2026-04-04 11:33:54,1775302434,R_10,5090.404,-1,0.06899999999950523,BACKFILL_AUTO
2026-04-04 11:33:56,1775302436,R_10,5090.292,-1,0.11200000000008004,BACKFILL_AUTO
2026-04-04 11:33:58,1775302438,R_10,5090.088,-1,0.204000000000633,BACKFILL_AUTO
2026-04-04 11:34:00,1775302440,R_10,5090.269,1,0.18100000000049477,BACKFILL_AUTO
2026-04-04 11:34:02,1775302442,R_10,5090.174,-1,0.09500000000025466,BACKFILL_AUTO
2026-04-04 11:34:04,1775302444,R_10,5089.949,-1,0.2250000000003638,BACKFILL_AUTO
2026-04-04 11:34:06,1775302446,R_10,5089.924,-1,0.024999999999636202,BACKFILL_AUTO
2026-04-04 11:34:08,1775302448,R_10,5089.95,1,0.02599999999983993,BACKFILL_AUTO
2026-04-04 11:34:10,1775302450,R_10,5089.985,1,0.03499999999985448,BACKFILL_AUTO
2026-04-04 11:34:12,1775302452,R_10,5090.171,1,0.1860000000006039,BACKFILL_AUTO
2026-04-04 11:34:14,1775302454,R_10,5090.334,1,0.16299999999955617,BACKFILL_AUTO
2026-04-04 11:34:16,1775302456,R_10,5090.361,1,0.027000000000043656,BACKFILL_AUTO
2026-04-04 11:34:18,1775302458,R_10,5090.292,-1,0.06899999999950523,BACKFILL_AUTO
2026-04-04 11:34:20,1775302460,R_10,5090.408,1,0.11599999999998545,BACKFILL_AUTO
2026-04-04 11:34:22,1775302462,R_10,5090.388,-1,0.020000000000436557,BACKFILL_AUTO
2026-04-04 11:34:24,1775302464,R_10,5090.182,-1,0.20600000000013097,BACKFILL_AUTO
2026-04-04 11:34:26,1775302466,R_10,5089.794,-1,0.38799999999991996,BACKFILL_AUTO
2026-04-04 11:34:28,1775302468,R_10,5089.67,-1,0.12399999999979627,BACKFILL_AUTO
2026-04-04 11:34:30,1775302470,R_10,5089.646,-1,0.02400000000034197,BACKFILL_AUTO
2026-04-04 11:34:32,1775302472,R_10,5089.726,1,0.07999999999992724,BACKFILL_AUTO
2026-04-04 11:34:34,1775302474,R_10,5089.721,-1,0.005000000000109139,BACKFILL_AUTO
2026-04-04 11:34:36,1775302476,R_10,5089.84,1,0.11900000000059663,BACKFILL_AUTO
2026-04-04 11:34:38,1775302478,R_10,5089.743,-1,0.09699999999975262,BACKFILL_AUTO
2026-04-04 11:34:40,1775302480,R_10,5089.871,1,0.12799999999970169,BACKFILL_AUTO
2026-04-04 11:34:42,1775302482,R_10,5089.827,-1,0.04399999999986903,BACKFILL_AUTO
2026-04-04 11:34:44,1775302484,R_10,5090.01,1,0.18299999999999272,BACKFILL_AUTO
2026-04-04 11:34:46,1775302486,R_10,5089.933,-1,0.07700000000022555,BACKFILL_AUTO
2026-04-04 11:34:48,1775302488,R_10,5090.028,1,0.09500000000025466,BACKFILL_AUTO
2026-04-04 11:34:50,1775302490,R_10,5090.195,1,0.16699999999946158,BACKFILL_AUTO
2026-04-04 11:34:52,1775302492,R_10,5090.45,1,0.25500000000010914,BACKFILL_AUTO
2026-04-04 11:34:54,1775302494,R_10,5090.445,-1,0.005000000000109139,BACKFILL_AUTO
2026-04-04 11:34:56,1775302496,R_10,5090.526,1,0.08100000000013097,BACKFILL_AUTO
2026-04-04 11:34:58,1775302498,R_10,5090.721,1,0.19499999999970896,BACKFILL_AUTO
2026-04-04 11:35:00,1775302500,R_10,5090.668,-1,0.052999999999883585,BACKFILL_AUTO
2026-04-04 11:35:02,1775302502,R_10,5090.86,1,0.19200000000000728,BACKFILL_AUTO
2026-04-04 11:35:04,1775302504,R_10,5090.856,-1,0.0039999999999054126,BACKFILL_AUTO
2026-04-04 11:35:06,1775302506,R_10,5090.969,1,0.11300000000028376,BACKFILL_AUTO
2026-04-04 11:35:08,1775302508,R_10,5091.083,1,0.113999999999578,BACKFILL_AUTO
2026-04-04 11:35:10,1775302510,R_10,5091.252,1,0.16900000000077853,BACKFILL_AUTO
2026-04-04 11:35:12,1775302512,R_10,5091.384,1,0.1319999999996071,BACKFILL_AUTO
2026-04-04 11:35:14,1775302514,R_10,5091.332,-1,0.05199999999967986,BACKFILL_AUTO
2026-04-04 11:35:16,1775302516,R_10,5091.259,-1,0.07300000000032014,BACKFILL_AUTO
2026-04-04 11:35:18,1775302518,R_10,5091.164,-1,0.09500000000025466,BACKFILL_AUTO
2026-04-04 11:35:20,1775302520,R_10,5091.136,-1,0.027999999999337888,BACKFILL_AUTO
2026-04-04 11:35:22,1775302522,R_10,5091.073,-1,0.06300000000010186,BACKFILL_AUTO
2026-04-04 11:35:24,1775302524,R_10,5091.123,1,0.049999999999272404,BACKFILL_AUTO
2026-04-04 11:35:26,1775302526,R_10,5091.037,-1,0.08599999999933061,BACKFILL_AUTO
2026-04-04 11:35:28,1775302528,R_10,5090.821,-1,0.21600000000034925,BACKFILL_AUTO
2026-04-04 11:35:30,1775302530,R_10,5090.812,-1,0.009000000000014552,BACKFILL_AUTO
2026-04-04 11:35:32,1775302532,R_10,5090.992,1,0.18000000000029104,BACKFILL_AUTO
2026-04-04 11:35:34,1775302534,R_10,5090.86,-1,0.1320000000005166,BACKFILL_AUTO
2026-04-04 11:35:36,1775302536,R_10,5090.843,-1,0.016999999999825377,BACKFILL_AUTO
2026-04-04 11:35:38,1775302538,R_10,5090.928,1,0.08500000000003638,BACKFILL_AUTO
2026-04-04 11:35:40,1775302540,R_10,5090.829,-1,0.09900000000016007,BACKFILL_AUTO
2026-04-04 11:35:42,1775302542,R_10,5090.633,-1,0.1959999999999127,BACKFILL_AUTO
2026-04-04 11:35:44,1775302544,R_10,5090.53,-1,0.10300000000006548,BACKFILL_AUTO
2026-04-04 11:35:46,1775302546,R_10,5090.461,-1,0.06899999999950523,BACKFILL_AUTO
2026-04-04 11:35:48,1775302548,R_10,5090.44,-1,0.021000000000640284,BACKFILL_AUTO
2026-04-04 11:35:50,1775302550,R_10,5090.493,1,0.05300000000079308,BACKFILL_AUTO
2026-04-04 11:35:52,1775302552,R_10,5090.674,1,0.18099999999958527,BACKFILL_AUTO
2026-04-04 11:35:54,1775302554,R_10,5090.842,1,0.1679999999996653,BACKFILL_AUTO
2026-04-04 11:35:56,1775302556,R_10,5091.181,1,0.3389999999999418,BACKFILL_AUTO
2026-04-04 11:35:58,1775302558,R_10,5091.042,-1,0.1389999999992142,BACKFILL_AUTO
2026-04-04 11:36:00,1775302560,R_10,5090.886,-1,0.15599999999994907,BACKFILL_AUTO
2026-04-04 11:36:02,1775302562,R_10,5090.774,-1,0.11200000000008004,BACKFILL_AUTO
2026-04-04 11:36:04,1775302564,R_10,5090.724,-1,0.0500000000001819,BACKFILL_AUTO
2026-04-04 11:36:06,1775302566,R_10,5090.6,-1,0.12399999999979627,BACKFILL_AUTO
2026-04-04 11:36:08,1775302568,R_10,5090.823,1,0.22299999999995634,BACKFILL_AUTO
2026-04-04 11:36:10,1775302570,R_10,5091.121,1,0.29799999999977445,BACKFILL_AUTO
2026-04-04 11:36:12,1775302572,R_10,5090.878,-1,0.2430000000003929,BACKFILL_AUTO
2026-04-04 11:36:14,1775302574,R_10,5090.921,1,0.0430000000005748,BACKFILL_AUTO
2026-04-04 11:36:16,1775302576,R_10,5090.92,-1,0.0010000000002037268,BACKFILL_AUTO
2026-04-04 11:36:18,1775302578,R_10,5090.999,1,0.07899999999972351,BACKFILL_AUTO
2026-04-04 11:36:20,1775302580,R_10,5091.158,1,0.15900000000056025,BACKFILL_AUTO
2026-04-04 11:36:22,1775302582,R_10,5091.171,1,0.012999999999919964,BACKFILL_AUTO
2026-04-04 11:36:24,1775302584,R_10,5091.186,1,0.014999999999417923,BACKFILL_AUTO
2026-04-04 11:36:26,1775302586,R_10,5091.38,1,0.19400000000041473,BACKFILL_AUTO
2026-04-04 11:36:28,1775302588,R_10,5091.256,-1,0.12399999999979627,BACKFILL_AUTO
2026-04-04 11:36:30,1775302590,R_10,5091.502,1,0.2460000000000946,BACKFILL_AUTO
2026-04-04 11:36:32,1775302592,R_10,5091.516,1,0.013999999999214197,BACKFILL_AUTO
2026-04-04 11:36:34,1775302594,R_10,5091.577,1,0.061000000000603904,BACKFILL_AUTO
2026-04-04 11:36:36,1775302596,R_10,5091.485,-1,0.09200000000055297,BACKFILL_AUTO
2026-04-04 11:36:38,1775302598,R_10,5091.443,-1,0.04199999999946158,BACKFILL_AUTO
2026-04-04 11:36:40,1775302600,R_10,5091.692,1,0.24899999999979627,BACKFILL_AUTO
2026-04-04 11:36:42,1775302602,R_10,5091.797,1,0.10499999999956344,BACKFILL_AUTO
2026-04-04 11:36:44,1775302604,R_10,5091.763,-1,0.033999999999650754,BACKFILL_AUTO
2026-04-04 11:36:46,1775302606,R_10,5091.795,1,0.032000000000152795,BACKFILL_AUTO
2026-04-04 11:36:48,1775302608,R_10,5091.766,-1,0.02900000000045111,BACKFILL_AUTO
2026-04-04 11:36:50,1775302610,R_10,5091.635,-1,0.13099999999940337,BACKFILL_AUTO
2026-04-04 11:36:52,1775302612,R_10,5091.435,-1,0.1999999999998181,BACKFILL_AUTO
2026-04-04 11:36:54,1775302614,R_10,5091.471,1,0.03599999999914871,BACKFILL_AUTO
2026-04-04 11:36:56,1775302616,R_10,5091.504,1,0.03300000000035652,BACKFILL_AUTO
2026-04-04 11:36:58,1775302618,R_10,5091.311,-1,0.193000000000211,BACKFILL_AUTO
2026-04-04 11:37:00,1775302620,R_10,5091.285,-1,0.02599999999983993,BACKFILL_AUTO
2026-04-04 11:37:02,1775302622,R_10,5091.074,-1,0.2110000000002401,BACKFILL_AUTO
2026-04-04 11:37:04,1775302624,R_10,5091.082,1,0.00800000000072032,BACKFILL_AUTO
2026-04-04 11:37:06,1775302626,R_10,5091.026,-1,0.056000000000494765,BACKFILL_AUTO
2026-04-04 11:37:08,1775302628,R_10,5091.081,1,0.05500000000029104,BACKFILL_AUTO
2026-04-04 11:37:10,1775302630,R_10,5091.089,1,0.007999999999810825,BACKFILL_AUTO
2026-04-04 11:37:12,1775302632,R_10,5091.139,1,0.0500000000001819,BACKFILL_AUTO
2026-04-04 11:37:14,1775302634,R_10,5091.334,1,0.19499999999970896,BACKFILL_AUTO
2026-04-04 11:37:16,1775302636,R_10,5091.226,-1,0.10800000000017462,BACKFILL_AUTO
2026-04-04 11:37:18,1775302638,R_10,5091.154,-1,0.07199999999920692,BACKFILL_AUTO
2026-04-04 11:37:20,1775302640,R_10,5091.072,-1,0.0820000000003347,BACKFILL_AUTO
2026-04-04 11:37:22,1775302642,R_10,5091.145,1,0.07300000000032014,BACKFILL_AUTO
2026-04-04 11:37:24,1775302644,R_10,5091.236,1,0.09099999999943975,BACKFILL_AUTO
2026-04-04 11:37:26,1775302646,R_10,5091.269,1,0.03300000000035652,BACKFILL_AUTO
2026-04-04 11:37:28,1775302648,R_10,5091.374,1,0.10499999999956344,BACKFILL_AUTO
2026-04-04 11:37:30,1775302650,R_10,5091.4,1,0.02599999999983993,BACKFILL_AUTO
2026-04-04 11:37:32,1775302652,R_10,5091.538,1,0.13799999999991996,BACKFILL_AUTO
2026-04-04 11:37:34,1775302654,R_10,5091.793,1,0.25500000000010914,BACKFILL_AUTO
2026-04-04 11:37:36,1775302656,R_10,5091.529,-1,0.2639999999992142,BACKFILL_AUTO
2026-04-04 11:37:38,1775302658,R_10,5091.588,1,0.058999999999286956,BACKFILL_AUTO
2026-04-04 11:37:40,1775302660,R_10,5091.399,-1,0.1889999999993961,BACKFILL_AUTO
2026-04-04 11:37:42,1775302662,R_10,5091.308,-1,0.09100000000034925,BACKFILL_AUTO
2026-04-04 11:37:44,1775302664,R_10,5091.255,-1,0.052999999999883585,BACKFILL_AUTO
2026-04-04 11:37:46,1775302666,R_10,5091.121,-1,0.13400000000001455,BACKFILL_AUTO
2026-04-04 11:37:48,1775302668,R_10,5091.017,-1,0.10400000000026921,BACKFILL_AUTO
2026-04-04 11:37:50,1775302670,R_10,5090.995,-1,0.021999999999934516,BACKFILL_AUTO
2026-04-04 11:37:52,1775302672,R_10,5090.924,-1,0.07099999999991269,BACKFILL_AUTO
2026-04-04 11:37:54,1775302674,R_10,5090.822,-1,0.10199999999986176,BACKFILL_AUTO
2026-04-04 11:37:56,1775302676,R_10,5090.747,-1,0.0749999999998181,BACKFILL_AUTO
2026-04-04 11:37:58,1775302678,R_10,5090.786,1,0.03899999999975989,BACKFILL_AUTO
2026-04-04 11:38:00,1775302680,R_10,5090.886,1,0.1000000000003638,BACKFILL_AUTO
2026-04-04 11:38:02,1775302682,R_10,5090.944,1,0.057999999999992724,BACKFILL_AUTO
2026-04-04 11:38:04,1775302684,R_10,5091.011,1,0.06700000000000728,BACKFILL_AUTO
2026-04-04 11:38:06,1775302686,R_10,5090.936,-1,0.0750000000007276,BACKFILL_AUTO
2026-04-04 11:38:08,1775302688,R_10,5090.76,-1,0.17599999999947613,BACKFILL_AUTO
2026-04-04 11:38:10,1775302690,R_10,5090.697,-1,0.06300000000010186,BACKFILL_AUTO
2026-04-04 11:38:12,1775302692,R_10,5090.835,1,0.13799999999991996,BACKFILL_AUTO
2026-04-04 11:38:14,1775302694,R_10,5090.758,-1,0.07700000000022555,BACKFILL_AUTO
2026-04-04 11:38:16,1775302696,R_10,5090.682,-1,0.07600000000002183,BACKFILL_AUTO
2026-04-04 11:38:18,1775302698,R_10,5090.501,-1,0.18099999999958527,BACKFILL_AUTO
2026-04-04 11:38:20,1775302700,R_10,5090.494,-1,0.007000000000516593,BACKFILL_AUTO
2026-04-04 11:38:22,1775302702,R_10,5090.451,-1,0.042999999999665306,BACKFILL_AUTO
2026-04-04 11:38:24,1775302704,R_10,5090.485,1,0.033999999999650754,BACKFILL_AUTO
2026-04-04 11:38:26,1775302706,R_10,5090.448,-1,0.03699999999935244,BACKFILL_AUTO
2026-04-04 11:38:28,1775302708,R_10,5090.533,1,0.08500000000003638,BACKFILL_AUTO
2026-04-04 11:38:30,1775302710,R_10,5090.31,-1,0.22299999999995634,BACKFILL_AUTO
2026-04-04 11:38:32,1775302712,R_10,5090.442,1,0.1319999999996071,BACKFILL_AUTO
2026-04-04 11:38:34,1775302714,R_10,5090.58,1,0.13799999999991996,BACKFILL_AUTO
2026-04-04 11:38:36,1775302716,R_10,5090.478,-1,0.10199999999986176,BACKFILL_AUTO
2026-04-04 11:38:38,1775302718,R_10,5090.272,-1,0.20600000000013097,BACKFILL_AUTO
2026-04-04 11:38:40,1775302720,R_10,5090.268,-1,0.0039999999999054126,BACKFILL_AUTO
2026-04-04 11:38:42,1775302722,R_10,5089.998,-1,0.27000000000043656,BACKFILL_AUTO
2026-04-04 11:38:44,1775302724,R_10,5090.017,1,0.01900000000023283,BACKFILL_AUTO
2026-04-04 11:38:46,1775302726,R_10,5089.931,-1,0.0860000000002401,BACKFILL_AUTO
2026-04-04 11:38:48,1775302728,R_10,5090.077,1,0.14600000000064028,BACKFILL_AUTO
2026-04-04 11:38:50,1775302730,R_10,5089.963,-1,0.11400000000048749,BACKFILL_AUTO
2026-04-04 11:38:52,1775302732,R_10,5090.003,1,0.03999999999996362,BACKFILL_AUTO
2026-04-04 11:38:54,1775302734,R_10,5089.832,-1,0.170999999999367,BACKFILL_AUTO
2026-04-04 11:38:56,1775302736,R_10,5089.966,1,0.13400000000001455,BACKFILL_AUTO
2026-04-04 11:38:58,1775302738,R_10,5089.983,1,0.016999999999825377,BACKFILL_AUTO
2026-04-04 11:39:00,1775302740,R_10,5090.178,1,0.19499999999970896,BACKFILL_AUTO
2026-04-04 11:39:02,1775302742,R_10,5090.019,-1,0.15899999999965075,BACKFILL_AUTO
2026-04-04 11:39:04,1775302744,R_10,5090.273,1,0.2539999999999054,BACKFILL_AUTO
2026-04-04 11:39:06,1775302746,R_10,5090.331,1,0.057999999999992724,BACKFILL_AUTO
2026-04-04 11:39:08,1775302748,R_10,5090.389,1,0.057999999999992724,BACKFILL_AUTO
2026-04-04 11:39:10,1775302750,R_10,5090.493,1,0.10400000000026921,BACKFILL_AUTO
2026-04-04 11:39:12,1775302752,R_10,5090.584,1,0.09099999999943975,BACKFILL_AUTO
2026-04-04 11:39:14,1775302754,R_10,5090.73,1,0.1459999999997308,BACKFILL_AUTO
2026-04-04 11:39:16,1775302756,R_10,5090.675,-1,0.054999999999381544,BACKFILL_AUTO
2026-04-04 11:39:18,1775302758,R_10,5090.613,-1,0.06199999999989814,BACKFILL_AUTO
2026-04-04 11:39:20,1775302760,R_10,5090.566,-1,0.04700000000048021,BACKFILL_AUTO
2026-04-04 11:39:22,1775302762,R_10,5090.447,-1,0.11899999999968713,BACKFILL_AUTO
2026-04-04 11:39:24,1775302764,R_10,5090.473,1,0.02599999999983993,BACKFILL_AUTO
2026-04-04 11:39:26,1775302766,R_10,5090.707,1,0.23400000000037835,BACKFILL_AUTO
2026-04-04 11:39:28,1775302768,R_10,5090.727,1,0.019999999999527063,BACKFILL_AUTO
2026-04-04 11:39:30,1775302770,R_10,5090.738,1,0.011000000000422006,BACKFILL_AUTO
2026-04-04 11:39:32,1775302772,R_10,5090.85,1,0.11200000000008004,BACKFILL_AUTO
2026-04-04 11:39:34,1775302774,R_10,5090.937,1,0.08699999999953434,BACKFILL_AUTO
2026-04-04 11:39:36,1775302776,R_10,5090.954,1,0.016999999999825377,BACKFILL_AUTO
2026-04-04 11:39:38,1775302778,R_10,5091.122,1,0.1680000000005748,BACKFILL_AUTO
2026-04-04 11:39:40,1775302780,R_10,5091.124,1,0.001999999999497959,BACKFILL_AUTO
2026-04-04 11:39:42,1775302782,R_10,5091.178,1,0.05400000000008731,BACKFILL_AUTO
2026-04-04 11:39:44,1775302784,R_10,5091.341,1,0.16300000000046566,BACKFILL_AUTO
2026-04-04 11:39:46,1775302786,R_10,5091.221,-1,0.12000000000080036,BACKFILL_AUTO
2026-04-04 11:39:48,1775302788,R_10,5091.13,-1,0.09099999999943975,BACKFILL_AUTO
2026-04-04 11:39:50,1775302790,R_10,5090.921,-1,0.20899999999983265,BACKFILL_AUTO
2026-04-04 11:39:52,1775302792,R_10,5091.104,1,0.18299999999999272,BACKFILL_AUTO
2026-04-04 11:39:54,1775302794,R_10,5091.215,1,0.11099999999987631,BACKFILL_AUTO
2026-04-04 11:39:56,1775302796,R_10,5091.299,1,0.08399999999983265,BACKFILL_AUTO
2026-04-04 11:39:58,1775302798,R_10,5091.221,-1,0.07800000000042928,BACKFILL_AUTO
2026-04-04 11:40:00,1775302800,R_10,5091.216,-1,0.004999999999199645,BACKFILL_AUTO
2026-04-04 11:40:02,1775302802,R_10,5091.137,-1,0.07900000000063301,BACKFILL_AUTO
2026-04-04 11:40:04,1775302804,R_10,5091.2,1,0.06300000000010186,BACKFILL_AUTO
2026-04-04 11:40:06,1775302806,R_10,5091.235,1,0.03499999999985448,BACKFILL_AUTO
2026-04-04 11:40:08,1775302808,R_10,5091.203,-1,0.0319999999992433,BACKFILL_AUTO
2026-04-04 11:40:10,1775302810,R_10,5091.036,-1,0.16700000000037107,BACKFILL_AUTO
2026-04-04 11:40:12,1775302812,R_10,5091.003,-1,0.03300000000035652,BACKFILL_AUTO
2026-04-04 11:40:14,1775302814,R_10,5090.813,-1,0.18999999999959982,BACKFILL_AUTO
2026-04-04 11:40:16,1775302816,R_10,5090.553,-1,0.2600000000002183,BACKFILL_AUTO
2026-04-04 11:40:18,1775302818,R_10,5090.57,1,0.016999999999825377,BACKFILL_AUTO
2026-04-04 11:40:20,1775302820,R_10,5090.561,-1,0.009000000000014552,BACKFILL_AUTO
2026-04-04 11:40:22,1775302822,R_10,5090.51,-1,0.05099999999947613,BACKFILL_AUTO
2026-04-04 11:40:24,1775302824,R_10,5090.264,-1,0.2460000000000946,BACKFILL_AUTO
2026-04-04 11:40:26,1775302826,R_10,5090.385,1,0.12100000000009459,BACKFILL_AUTO
2026-04-04 11:40:28,1775302828,R_10,5090.368,-1,0.016999999999825377,BACKFILL_AUTO
2026-04-04 11:40:30,1775302830,R_10,5090.381,1,0.012999999999919964,BACKFILL_AUTO
2026-04-04 11:40:32,1775302832,R_10,5090.339,-1,0.042000000000371074,BACKFILL_AUTO
2026-04-04 11:40:34,1775302834,R_10,5090.515,1,0.17600000000038563,BACKFILL_AUTO
2026-04-04 11:40:36,1775302836,R_10,5090.624,1,0.10899999999946886,BACKFILL_AUTO
2026-04-04 11:40:38,1775302838,R_10,5090.434,-1,0.18999999999959982,BACKFILL_AUTO
2026-04-04 11:40:40,1775302840,R_10,5090.238,-1,0.1959999999999127,BACKFILL_AUTO
2026-04-04 11:40:42,1775302842,R_10,5090.059,-1,0.1790000000000873,BACKFILL_AUTO
2026-04-04 11:40:44,1775302844,R_10,5090.01,-1,0.04899999999997817,BACKFILL_AUTO
2026-04-04 11:40:46,1775302846,R_10,5089.958,-1,0.05200000000058935,BACKFILL_AUTO
2026-04-04 11:40:48,1775302848,R_10,5089.933,-1,0.024999999999636202,BACKFILL_AUTO
2026-04-04 11:40:50,1775302850,R_10,5090.122,1,0.1890000000003056,BACKFILL_AUTO
2026-04-04 11:40:52,1775302852,R_10,5090.331,1,0.20899999999983265,BACKFILL_AUTO
2026-04-04 11:40:54,1775302854,R_10,5090.4,1,0.06899999999950523,BACKFILL_AUTO
2026-04-04 11:40:56,1775302856,R_10,5090.389,-1,0.01099999999951251,BACKFILL_AUTO
2026-04-04 11:40:58,1775302858,R_10,5090.447,1,0.057999999999992724,BACKFILL_AUTO
2026-04-04 11:41:00,1775302860,R_10,5090.468,1,0.02099999999973079,BACKFILL_AUTO
2026-04-04 11:41:02,1775302862,R_10,5090.621,1,0.15300000000024738,BACKFILL_AUTO
2026-04-04 11:41:04,1775302864,R_10,5090.491,-1,0.13000000000010914,BACKFILL_AUTO
2026-04-04 11:41:06,1775302866,R_10,5090.467,-1,0.02400000000034197,BACKFILL_AUTO
2026-04-04 11:41:08,1775302868,R_10,5090.133,-1,0.33399999999983265,BACKFILL_AUTO
2026-04-04 11:41:10,1775302870,R_10,5089.756,-1,0.37699999999949796,BACKFILL_AUTO
2026-04-04 11:41:12,1775302872,R_10,5089.87,1,0.113999999999578,BACKFILL_AUTO
2026-04-04 11:41:14,1775302874,R_10,5090.027,1,0.1570000000001528,BACKFILL_AUTO
2026-04-04 11:41:16,1775302876,R_10,5090.053,1,0.02599999999983993,BACKFILL_AUTO
2026-04-04 11:41:18,1775302878,R_10,5090.288,1,0.23499999999967258,BACKFILL_AUTO
2026-04-04 11:41:20,1775302880,R_10,5090.248,-1,0.03999999999996362,BACKFILL_AUTO
2026-04-04 11:41:22,1775302882,R_10,5090.303,1,0.05500000000029104,BACKFILL_AUTO
2026-04-04 11:41:24,1775302884,R_10,5090.474,1,0.1710000000002765,BACKFILL_AUTO
2026-04-04 11:41:26,1775302886,R_10,5090.392,-1,0.0820000000003347,BACKFILL_AUTO
2026-04-04 11:41:28,1775302888,R_10,5090.434,1,0.042000000000371074,BACKFILL_AUTO
2026-04-04 11:41:30,1775302890,R_10,5090.695,1,0.2609999999995125,BACKFILL_AUTO
2026-04-04 11:41:32,1775302892,R_10,5090.717,1,0.021999999999934516,BACKFILL_AUTO
2026-04-04 11:41:34,1775302894,R_10,5090.632,-1,0.08500000000003638,BACKFILL_AUTO
2026-04-04 11:41:36,1775302896,R_10,5090.622,-1,0.009999999999308784,BACKFILL_AUTO
2026-04-04 11:41:38,1775302898,R_10,5090.844,1,0.22199999999975262,BACKFILL_AUTO
2026-04-04 11:41:40,1775302900,R_10,5090.617,-1,0.22699999999986176,BACKFILL_AUTO
2026-04-04 11:41:42,1775302902,R_10,5090.541,-1,0.07600000000002183,BACKFILL_AUTO
2026-04-04 11:41:44,1775302904,R_10,5090.554,1,0.012999999999919964,BACKFILL_AUTO
2026-04-04 11:41:46,1775302906,R_10,5090.474,-1,0.07999999999992724,BACKFILL_AUTO
2026-04-04 11:41:48,1775302908,R_10,5090.649,1,0.1750000000001819,BACKFILL_AUTO
2026-04-04 11:41:50,1775302910,R_10,5090.819,1,0.17000000000007276,BACKFILL_AUTO
2026-04-04 11:41:52,1775302912,R_10,5090.844,1,0.024999999999636202,BACKFILL_AUTO
2026-04-04 11:41:54,1775302914,R_10,5090.851,1,0.006999999999607098,BACKFILL_AUTO
2026-04-04 11:41:56,1775302916,R_10,5090.905,1,0.05400000000008731,BACKFILL_AUTO
2026-04-04 11:41:58,1775302918,R_10,5090.768,-1,0.13699999999971624,BACKFILL_AUTO
2026-04-04 11:42:00,1775302920,R_10,5090.518,-1,0.25,BACKFILL_AUTO
2026-04-04 11:42:02,1775302922,R_10,5090.334,-1,0.18400000000019645,BACKFILL_AUTO
2026-04-04 11:42:04,1775302924,R_10,5090.454,1,0.11999999999989086,BACKFILL_AUTO
2026-04-04 11:42:06,1775302926,R_10,5090.226,-1,0.22800000000006548,BACKFILL_AUTO
2026-04-04 11:42:08,1775302928,R_10,5090.499,1,0.27300000000013824,BACKFILL_AUTO
2026-04-04 11:42:10,1775302930,R_10,5090.355,-1,0.14400000000023283,BACKFILL_AUTO
2026-04-04 11:42:12,1775302932,R_10,5090.346,-1,0.009000000000014552,BACKFILL_AUTO
2026-04-04 11:42:14,1775302934,R_10,5090.371,1,0.025000000000545697,BACKFILL_AUTO
2026-04-04 11:42:16,1775302936,R_10,5090.588,1,0.21699999999964348,BACKFILL_AUTO
2026-04-04 11:42:18,1775302938,R_10,5090.627,1,0.03900000000066939,BACKFILL_AUTO
2026-04-04 11:42:20,1775302940,R_10,5090.801,1,0.17399999999997817,BACKFILL_AUTO
2026-04-04 11:42:22,1775302942,R_10,5090.926,1,0.125,BACKFILL_AUTO
2026-04-04 11:42:24,1775302944,R_10,5090.939,1,0.012999999999919964,BACKFILL_AUTO
2026-04-04 11:42:26,1775302946,R_10,5090.917,-1,0.021999999999934516,BACKFILL_AUTO
2026-04-04 11:42:28,1775302948,R_10,5090.694,-1,0.22299999999995634,BACKFILL_AUTO
2026-04-04 11:42:30,1775302950,R_10,5090.617,-1,0.07700000000022555,BACKFILL_AUTO
2026-04-04 11:42:32,1775302952,R_10,5090.498,-1,0.11900000000059663,BACKFILL_AUTO
2026-04-04 11:42:34,1775302954,R_10,5090.604,1,0.10600000000067666,BACKFILL_AUTO
2026-04-04 11:42:36,1775302956,R_10,5090.578,-1,0.02599999999983993,BACKFILL_AUTO
2026-04-04 11:42:38,1775302958,R_10,5090.676,1,0.09799999999995634,BACKFILL_AUTO
2026-04-04 11:42:40,1775302960,R_10,5090.675,-1,0.0010000000002037268,BACKFILL_AUTO
2026-04-04 11:42:42,1775302962,R_10,5090.65,-1,0.025000000000545697,BACKFILL_AUTO
2026-04-04 11:42:44,1775302964,R_10,5090.683,1,0.03300000000035652,BACKFILL_AUTO
2026-04-04 11:42:46,1775302966,R_10,5090.797,1,0.113999999999578,BACKFILL_AUTO
2026-04-04 11:42:48,1775302968,R_10,5090.775,-1,0.021999999999934516,BACKFILL_AUTO
2026-04-04 11:42:50,1775302970,R_10,5090.79,1,0.015000000000327418,BACKFILL_AUTO
2026-04-04 11:42:52,1775302972,R_10,5090.671,-1,0.11899999999968713,BACKFILL_AUTO
2026-04-04 11:42:54,1775302974,R_10,5090.854,1,0.18299999999999272,BACKFILL_AUTO
2026-04-04 11:42:56,1775302976,R_10,5090.977,1,0.12299999999959255,BACKFILL_AUTO
2026-04-04 11:42:58,1775302978,R_10,5090.963,-1,0.014000000000123691,BACKFILL_AUTO
2026-04-04 11:43:00,1775302980,R_10,5090.74,-1,0.22299999999995634,BACKFILL_AUTO
2026-04-04 11:43:02,1775302982,R_10,5090.713,-1,0.027000000000043656,BACKFILL_AUTO
2026-04-04 11:43:04,1775302984,R_10,5090.61,-1,0.10300000000006548,BACKFILL_AUTO
2026-04-04 11:43:06,1775302986,R_10,5090.538,-1,0.07200000000011642,BACKFILL_AUTO
2026-04-04 11:43:08,1775302988,R_10,5090.64,1,0.10200000000077125,BACKFILL_AUTO
2026-04-04 11:43:10,1775302990,R_10,5090.682,1,0.04199999999946158,BACKFILL_AUTO
2026-04-04 11:43:12,1775302992,R_10,5090.714,1,0.032000000000152795,BACKFILL_AUTO
2026-04-04 11:43:14,1775302994,R_10,5090.648,-1,0.06599999999980355,BACKFILL_AUTO
2026-04-04 11:43:16,1775302996,R_10,5090.972,1,0.3239999999996144,BACKFILL_AUTO
2026-04-04 11:43:18,1775302998,R_10,5091.025,1,0.052999999999883585,BACKFILL_AUTO
2026-04-04 11:43:20,1775303000,R_10,5091.063,1,0.03800000000046566,BACKFILL_AUTO
2026-04-04 11:43:22,1775303002,R_10,5090.764,-1,0.29899999999997817,BACKFILL_AUTO
2026-04-04 11:43:24,1775303004,R_10,5090.592,-1,0.1720000000004802,BACKFILL_AUTO
2026-04-04 11:43:26,1775303006,R_10,5090.494,-1,0.09799999999995634,BACKFILL_AUTO
2026-04-04 11:43:28,1775303008,R_10,5090.596,1,0.10199999999986176,BACKFILL_AUTO
2026-04-04 11:43:30,1775303010,R_10,5090.797,1,0.20100000000002183,BACKFILL_AUTO
2026-04-04 11:43:32,1775303012,R_10,5090.699,-1,0.09799999999995634,BACKFILL_AUTO
2026-04-04 11:43:34,1775303014,R_10,5090.75,1,0.051000000000385626,BACKFILL_AUTO
2026-04-04 11:43:36,1775303016,R_10,5090.746,-1,0.0039999999999054126,BACKFILL_AUTO
2026-04-04 11:43:38,1775303018,R_10,5090.829,1,0.08299999999962893,BACKFILL_AUTO
2026-04-04 11:43:40,1775303020,R_10,5090.917,1,0.08800000000064756,BACKFILL_AUTO
2026-04-04 11:43:42,1775303022,R_10,5090.866,-1,0.051000000000385626,BACKFILL_AUTO
2026-04-04 11:43:44,1775303024,R_10,5090.771,-1,0.09500000000025466,BACKFILL_AUTO
2026-04-04 11:43:46,1775303026,R_10,5090.917,1,0.14600000000064028,BACKFILL_AUTO
2026-04-04 11:43:48,1775303028,R_10,5090.927,1,0.009999999999308784,BACKFILL_AUTO
2026-04-04 11:43:50,1775303030,R_10,5090.737,-1,0.18999999999959982,BACKFILL_AUTO
2026-04-04 11:43:52,1775303032,R_10,5090.814,1,0.07700000000022555,BACKFILL_AUTO
2026-04-04 11:43:54,1775303034,R_10,5090.887,1,0.07299999999941065,BACKFILL_AUTO
2026-04-04 11:43:56,1775303036,R_10,5090.896,1,0.009000000000014552,BACKFILL_AUTO
2026-04-04 11:43:58,1775303038,R_10,5091.003,1,0.1069999999999709,BACKFILL_AUTO
2026-04-04 11:44:00,1775303040,R_10,5091.141,1,0.13799999999991996,BACKFILL_AUTO
2026-04-04 11:44:02,1775303042,R_10,5090.972,-1,0.16899999999986903,BACKFILL_AUTO
2026-04-04 11:44:04,1775303044,R_10,5090.95,-1,0.021999999999934516,BACKFILL_AUTO
2026-04-04 11:44:06,1775303046,R_10,5091.159,1,0.20899999999983265,BACKFILL_AUTO
2026-04-04 11:44:08,1775303048,R_10,5090.94,-1,0.21900000000005093,BACKFILL_AUTO
2026-04-04 11:44:10,1775303050,R_10,5090.905,-1,0.03499999999985448,BACKFILL_AUTO
2026-04-04 11:44:12,1775303052,R_10,5090.872,-1,0.03299999999944703,BACKFILL_AUTO
2026-04-04 11:44:14,1775303054,R_10,5091.081,1,0.20899999999983265,BACKFILL_AUTO
2026-04-04 11:44:16,1775303056,R_10,5091.174,1,0.0929999999998472,BACKFILL_AUTO
2026-04-04 11:44:18,1775303058,R_10,5091.197,1,0.023000000000138243,BACKFILL_AUTO
2026-04-04 11:44:20,1775303060,R_10,5091.276,1,0.07899999999972351,BACKFILL_AUTO
2026-04-04 11:44:22,1775303062,R_10,5091.184,-1,0.09199999999964348,BACKFILL_AUTO
2026-04-04 11:44:24,1775303064,R_10,5091.379,1,0.19499999999970896,BACKFILL_AUTO
2026-04-04 11:44:26,1775303066,R_10,5091.385,1,0.006000000000312866,BACKFILL_AUTO
2026-04-04 11:44:28,1775303068,R_10,5091.161,-1,0.22400000000016007,BACKFILL_AUTO
2026-04-04 11:44:30,1775303070,R_10,5091.268,1,0.1069999999999709,BACKFILL_AUTO
2026-04-04 11:44:32,1775303072,R_10,5091.263,-1,0.005000000000109139,BACKFILL_AUTO
2026-04-04 11:44:34,1775303074,R_10,5091.223,-1,0.03999999999996362,BACKFILL_AUTO
2026-04-04 11:44:36,1775303076,R_10,5091.187,-1,0.03600000000005821,BACKFILL_AUTO
2026-04-04 11:44:38,1775303078,R_10,5091.144,-1,0.042999999999665306,BACKFILL_AUTO
2026-04-04 11:44:40,1775303080,R_10,5091.337,1,0.193000000000211,BACKFILL_AUTO
2026-04-04 11:44:42,1775303082,R_10,5091.524,1,0.18699999999989814,BACKFILL_AUTO
2026-04-04 11:44:44,1775303084,R_10,5091.859,1,0.3350000000000364,BACKFILL_AUTO
2026-04-04 11:44:46,1775303086,R_10,5091.925,1,0.06599999999980355,BACKFILL_AUTO
2026-04-04 11:44:48,1775303088,R_10,5091.961,1,0.03600000000005821,BACKFILL_AUTO
2026-04-04 11:44:50,1775303090,R_10,5091.818,-1,0.1430000000000291,BACKFILL_AUTO
2026-04-04 11:44:52,1775303092,R_10,5091.825,1,0.006999999999607098,BACKFILL_AUTO
2026-04-04 11:44:54,1775303094,R_10,5091.785,-1,0.03999999999996362,BACKFILL_AUTO
2026-04-04 11:44:56,1775303096,R_10,5091.908,1,0.12300000000050204,BACKFILL_AUTO
2026-04-04 11:44:58,1775303098,R_10,5092.038,1,0.12999999999919964,BACKFILL_AUTO
2026-04-04 11:45:00,1775303100,R_10,5092.076,1,0.03800000000046566,BACKFILL_AUTO
2026-04-04 11:45:02,1775303102,R_10,5091.987,-1,0.08899999999994179,BACKFILL_AUTO
2026-04-04 11:45:04,1775303104,R_10,5091.911,-1,0.07600000000002183,BACKFILL_AUTO
2026-04-04 11:45:06,1775303106,R_10,5091.872,-1,0.03899999999975989,BACKFILL_AUTO
2026-04-04 11:45:08,1775303108,R_10,5091.879,1,0.006999999999607098,BACKFILL_AUTO
2026-04-04 11:45:10,1775303110,R_10,5091.644,-1,0.23499999999967258,BACKFILL_AUTO
2026-04-04 11:45:12,1775303112,R_10,5091.743,1,0.09900000000016007,BACKFILL_AUTO
2026-04-04 11:45:14,1775303114,R_10,5091.689,-1,0.05400000000008731,BACKFILL_AUTO
2026-04-04 11:45:16,1775303116,R_10,5091.69,1,0.0009999999992942321,BACKFILL_AUTO
2026-04-04 11:45:18,1775303118,R_10,5091.825,1,0.13500000000021828,BACKFILL_AUTO
2026-04-04 11:45:20,1775303120,R_10,5091.842,1,0.016999999999825377,BACKFILL_AUTO
2026-04-04 11:45:22,1775303122,R_10,5091.87,1,0.028000000000247383,BACKFILL_AUTO
2026-04-04 11:45:24,1775303124,R_10,5091.844,-1,0.02599999999983993,BACKFILL_AUTO
2026-04-04 11:45:26,1775303126,R_10,5091.808,-1,0.03600000000005821,BACKFILL_AUTO
2026-04-04 11:45:28,1775303128,R_10,5091.763,-1,0.04500000000007276,BACKFILL_AUTO
2026-04-04 11:45:30,1775303130,R_10,5091.797,1,0.033999999999650754,BACKFILL_AUTO
2026-04-04 11:45:32,1775303132,R_10,5091.74,-1,0.056999999999789,BACKFILL_AUTO
2026-04-04 11:45:34,1775303134,R_10,5091.66,-1,0.07999999999992724,BACKFILL_AUTO
2026-04-04 11:45:36,1775303136,R_10,5091.566,-1,0.09400000000005093,BACKFILL_AUTO
2026-04-04 11:45:38,1775303138,R_10,5091.77,1,0.204000000000633,BACKFILL_AUTO
2026-04-04 11:45:40,1775303140,R_10,5091.69,-1,0.08000000000083674,BACKFILL_AUTO
2026-04-04 11:45:42,1775303142,R_10,5091.702,1,0.012000000000625732,BACKFILL_AUTO
2026-04-04 11:45:44,1775303144,R_10,5091.768,1,0.06599999999980355,BACKFILL_AUTO
2026-04-04 11:45:46,1775303146,R_10,5091.884,1,0.11599999999998545,BACKFILL_AUTO
2026-04-04 11:45:48,1775303148,R_10,5092.148,1,0.2640000000001237,BACKFILL_AUTO
2026-04-04 11:45:50,1775303150,R_10,5092.241,1,0.0929999999998472,BACKFILL_AUTO
2026-04-04 11:45:52,1775303152,R_10,5092.07,-1,0.1710000000002765,BACKFILL_AUTO
2026-04-04 11:45:54,1775303154,R_10,5092.178,1,0.10800000000017462,BACKFILL_AUTO
2026-04-04 11:45:56,1775303156,R_10,5092.26,1,0.0820000000003347,BACKFILL_AUTO
2026-04-04 11:45:58,1775303158,R_10,5092.181,-1,0.07900000000063301,BACKFILL_AUTO
2026-04-04 11:46:00,1775303160,R_10,5092.174,-1,0.006999999999607098,BACKFILL_AUTO
2026-04-04 11:46:02,1775303162,R_10,5092.146,-1,0.028000000000247383,BACKFILL_AUTO
2026-04-04 11:46:04,1775303164,R_10,5092.054,-1,0.09199999999964348,BACKFILL_AUTO
2026-04-04 11:46:06,1775303166,R_10,5092.24,1,0.1859999999996944,BACKFILL_AUTO
2026-04-04 11:46:08,1775303168,R_10,5092.314,1,0.07400000000052387,BACKFILL_AUTO
2026-04-04 11:46:10,1775303170,R_10,5092.446,1,0.1319999999996071,BACKFILL_AUTO
2026-04-04 11:46:12,1775303172,R_10,5092.62,1,0.17399999999997817,BACKFILL_AUTO
2026-04-04 11:46:14,1775303174,R_10,5092.835,1,0.21500000000014552,BACKFILL_AUTO
2026-04-04 11:46:16,1775303176,R_10,5093.05,1,0.21500000000014552,BACKFILL_AUTO
2026-04-04 11:46:18,1775303178,R_10,5092.981,-1,0.06900000000041473,BACKFILL_AUTO
2026-04-04 11:46:20,1775303180,R_10,5092.893,-1,0.08799999999973807,BACKFILL_AUTO
2026-04-04 11:46:22,1775303182,R_10,5093.047,1,0.15399999999954161,BACKFILL_AUTO
2026-04-04 11:46:24,1775303184,R_10,5093.101,1,0.05400000000008731,BACKFILL_AUTO
2026-04-04 11:46:26,1775303186,R_10,5092.982,-1,0.11899999999968713,BACKFILL_AUTO
2026-04-04 11:46:28,1775303188,R_10,5092.982,0,0.0,BACKFILL_AUTO
2026-04-04 11:46:30,1775303190,R_10,5093.024,1,0.042000000000371074,BACKFILL_AUTO
2026-04-04 11:46:32,1775303192,R_10,5092.797,-1,0.22700000000077125,BACKFILL_AUTO
2026-04-04 11:46:34,1775303194,R_10,5092.777,-1,0.019999999999527063,BACKFILL_AUTO
2026-04-04 11:46:36,1775303196,R_10,5092.856,1,0.07899999999972351,BACKFILL_AUTO
2026-04-04 11:46:38,1775303198,R_10,5092.78,-1,0.07600000000002183,BACKFILL_AUTO
2026-04-04 11:46:40,1775303200,R_10,5092.757,-1,0.023000000000138243,BACKFILL_AUTO
2026-04-04 11:46:42,1775303202,R_10,5092.71,-1,0.04699999999957072,BACKFILL_AUTO
2026-04-04 11:46:44,1775303204,R_10,5092.718,1,0.007999999999810825,BACKFILL_AUTO
2026-04-04 11:46:46,1775303206,R_10,5092.528,-1,0.18999999999959982,BACKFILL_AUTO
2026-04-04 11:46:48,1775303208,R_10,5092.384,-1,0.14400000000023283,BACKFILL_AUTO
2026-04-04 11:46:50,1775303210,R_10,5092.409,1,0.024999999999636202,BACKFILL_AUTO
2026-04-04 11:46:52,1775303212,R_10,5092.405,-1,0.0039999999999054126,BACKFILL_AUTO
2026-04-04 11:46:54,1775303214,R_10,5092.385,-1,0.019999999999527063,BACKFILL_AUTO
2026-04-04 11:46:56,1775303216,R_10,5092.607,1,0.22199999999975262,BACKFILL_AUTO
2026-04-04 11:46:58,1775303218,R_10,5092.509,-1,0.09799999999995634,BACKFILL_AUTO
2026-04-04 11:47:00,1775303220,R_10,5092.33,-1,0.1790000000000873,BACKFILL_AUTO
2026-04-04 11:47:02,1775303222,R_10,5092.116,-1,0.2139999999999418,BACKFILL_AUTO
2026-04-04 11:47:04,1775303224,R_10,5091.956,-1,0.15999999999985448,BACKFILL_AUTO
2026-04-04 11:47:06,1775303226,R_10,5091.83,-1,0.12600000000020373,BACKFILL_AUTO
2026-04-04 11:47:08,1775303228,R_10,5091.618,-1,0.21199999999953434,BACKFILL_AUTO
2026-04-04 11:47:10,1775303230,R_10,5091.606,-1,0.012000000000625732,BACKFILL_AUTO
2026-04-04 11:47:12,1775303232,R_10,5091.708,1,0.10199999999986176,BACKFILL_AUTO
2026-04-04 11:47:14,1775303234,R_10,5091.847,1,0.1390000000001237,BACKFILL_AUTO
2026-04-04 11:47:16,1775303236,R_10,5091.8,-1,0.04699999999957072,BACKFILL_AUTO
2026-04-04 11:47:18,1775303238,R_10,5091.856,1,0.05599999999958527,BACKFILL_AUTO
2026-04-04 11:47:20,1775303240,R_10,5092.057,1,0.20100000000002183,BACKFILL_AUTO
2026-04-04 11:47:22,1775303242,R_10,5091.989,-1,0.068000000000211,BACKFILL_AUTO
2026-04-04 11:47:24,1775303244,R_10,5091.698,-1,0.29099999999925785,BACKFILL_AUTO
2026-04-04 11:47:26,1775303246,R_10,5091.498,-1,0.2000000000007276,BACKFILL_AUTO
2026-04-04 11:47:28,1775303248,R_10,5091.573,1,0.0750000000007276,BACKFILL_AUTO
2026-04-04 11:47:30,1775303250,R_10,5091.548,-1,0.025000000000545697,BACKFILL_AUTO
2026-04-04 11:47:32,1775303252,R_10,5091.643,1,0.09500000000025466,BACKFILL_AUTO
2026-04-04 11:47:34,1775303254,R_10,5091.75,1,0.1069999999999709,BACKFILL_AUTO
2026-04-04 11:47:36,1775303256,R_10,5091.716,-1,0.033999999999650754,BACKFILL_AUTO
