timestamp,unix_time,instrument,price,direction,tick_size,session_id
2026-04-04 11:09:50,1775300990,R_100,638.11,0,,BACKFILL_AUTO
2026-04-04 11:09:52,1775300992,R_100,638.08,-1,0.029999999999972715,BACKFILL_AUTO
2026-04-04 11:09:54,1775300994,R_100,638.08,0,0.0,BACKFILL_AUTO
2026-04-04 11:09:56,1775300996,R_100,638.24,1,0.15999999999996817,BACKFILL_AUTO
2026-04-04 11:09:58,1775300998,R_100,638.16,-1,0.08000000000004093,BACKFILL_AUTO
2026-04-04 11:10:00,1775301000,R_100,638.02,-1,0.13999999999998636,BACKFILL_AUTO
2026-04-04 11:10:02,1775301002,R_100,638.31,1,0.2899999999999636,BACKFILL_AUTO
2026-04-04 11:10:04,1775301004,R_100,638.13,-1,0.17999999999994998,BACKFILL_AUTO
2026-04-04 11:10:06,1775301006,R_100,638.2,1,0.07000000000005002,BACKFILL_AUTO
2026-04-04 11:10:08,1775301008,R_100,638.13,-1,0.07000000000005002,BACKFILL_AUTO
2026-04-04 11:10:10,1775301010,R_100,638.04,-1,0.09000000000003183,BACKFILL_AUTO
2026-04-04 11:10:12,1775301012,R_100,638.09,1,0.05000000000006821,BACKFILL_AUTO
2026-04-04 11:10:14,1775301014,R_100,638.32,1,0.2300000000000182,BACKFILL_AUTO
2026-04-04 11:10:16,1775301016,R_100,638.49,1,0.16999999999995907,BACKFILL_AUTO
2026-04-04 11:10:18,1775301018,R_100,638.62,1,0.12999999999999545,BACKFILL_AUTO
2026-04-04 11:10:20,1775301020,R_100,638.58,-1,0.03999999999996362,BACKFILL_AUTO
2026-04-04 11:10:22,1775301022,R_100,638.36,-1,0.22000000000002728,BACKFILL_AUTO
2026-04-04 11:10:24,1775301024,R_100,638.44,1,0.08000000000004093,BACKFILL_AUTO
2026-04-04 11:10:26,1775301026,R_100,637.92,-1,0.5200000000000955,BACKFILL_AUTO
2026-04-04 11:10:28,1775301028,R_100,637.92,0,0.0,BACKFILL_AUTO
2026-04-04 11:10:30,1775301030,R_100,637.8,-1,0.12000000000000455,BACKFILL_AUTO
2026-04-04 11:10:32,1775301032,R_100,637.8,0,0.0,BACKFILL_AUTO
2026-04-04 11:10:34,1775301034,R_100,637.94,1,0.14000000000010004,BACKFILL_AUTO
2026-04-04 11:10:36,1775301036,R_100,638.2,1,0.2599999999999909,BACKFILL_AUTO
2026-04-04 11:10:38,1775301038,R_100,638.38,1,0.17999999999994998,BACKFILL_AUTO
2026-04-04 11:10:40,1775301040,R_100,638.41,1,0.029999999999972715,BACKFILL_AUTO
2026-04-04 11:10:42,1775301042,R_100,638.35,-1,0.05999999999994543,BACKFILL_AUTO
2026-04-04 11:10:44,1775301044,R_100,638.71,1,0.36000000000001364,BACKFILL_AUTO
2026-04-04 11:10:46,1775301046,R_100,638.56,-1,0.15000000000009095,BACKFILL_AUTO
2026-04-04 11:10:48,1775301048,R_100,638.85,1,0.2900000000000773,BACKFILL_AUTO
2026-04-04 11:10:50,1775301050,R_100,638.96,1,0.11000000000001364,BACKFILL_AUTO
2026-04-04 11:10:52,1775301052,R_100,638.95,-1,0.009999999999990905,BACKFILL_AUTO
2026-04-04 11:10:54,1775301054,R_100,638.97,1,0.01999999999998181,BACKFILL_AUTO
2026-04-04 11:10:56,1775301056,R_100,639.02,1,0.049999999999954525,BACKFILL_AUTO
2026-04-04 11:10:58,1775301058,R_100,638.88,-1,0.13999999999998636,BACKFILL_AUTO
2026-04-04 11:11:00,1775301060,R_100,638.75,-1,0.12999999999999545,BACKFILL_AUTO
2026-04-04 11:11:02,1775301062,R_100,638.79,1,0.03999999999996362,BACKFILL_AUTO
2026-04-04 11:11:04,1775301064,R_100,638.7,-1,0.08999999999991815,BACKFILL_AUTO
2026-04-04 11:11:06,1775301066,R_100,638.76,1,0.05999999999994543,BACKFILL_AUTO
2026-04-04 11:11:08,1775301068,R_100,638.64,-1,0.12000000000000455,BACKFILL_AUTO
2026-04-04 11:11:10,1775301070,R_100,638.41,-1,0.2300000000000182,BACKFILL_AUTO
2026-04-04 11:11:12,1775301072,R_100,637.97,-1,0.4399999999999409,BACKFILL_AUTO
2026-04-04 11:11:14,1775301074,R_100,638.05,1,0.07999999999992724,BACKFILL_AUTO
2026-04-04 11:11:16,1775301076,R_100,637.99,-1,0.05999999999994543,BACKFILL_AUTO
2026-04-04 11:11:18,1775301078,R_100,637.98,-1,0.009999999999990905,BACKFILL_AUTO
2026-04-04 11:11:20,1775301080,R_100,637.79,-1,0.19000000000005457,BACKFILL_AUTO
2026-04-04 11:11:22,1775301082,R_100,637.68,-1,0.11000000000001364,BACKFILL_AUTO
2026-04-04 11:11:24,1775301084,R_100,637.5,-1,0.17999999999994998,BACKFILL_AUTO
2026-04-04 11:11:26,1775301086,R_100,637.42,-1,0.08000000000004093,BACKFILL_AUTO
2026-04-04 11:11:28,1775301088,R_100,637.41,-1,0.009999999999990905,BACKFILL_AUTO
2026-04-04 11:11:30,1775301090,R_100,637.68,1,0.2699999999999818,BACKFILL_AUTO
2026-04-04 11:11:32,1775301092,R_100,637.88,1,0.20000000000004547,BACKFILL_AUTO
2026-04-04 11:11:34,1775301094,R_100,637.69,-1,0.18999999999994088,BACKFILL_AUTO
2026-04-04 11:11:36,1775301096,R_100,638.07,1,0.37999999999999545,BACKFILL_AUTO
2026-04-04 11:11:38,1775301098,R_100,637.8,-1,0.2700000000000955,BACKFILL_AUTO
2026-04-04 11:11:40,1775301100,R_100,637.7,-1,0.09999999999990905,BACKFILL_AUTO
2026-04-04 11:11:42,1775301102,R_100,637.75,1,0.049999999999954525,BACKFILL_AUTO
2026-04-04 11:11:44,1775301104,R_100,637.94,1,0.19000000000005457,BACKFILL_AUTO
2026-04-04 11:11:46,1775301106,R_100,637.77,-1,0.17000000000007276,BACKFILL_AUTO
2026-04-04 11:11:48,1775301108,R_100,638.09,1,0.32000000000005,BACKFILL_AUTO
2026-04-04 11:11:50,1775301110,R_100,638.26,1,0.16999999999995907,BACKFILL_AUTO
2026-04-04 11:11:52,1775301112,R_100,638.31,1,0.049999999999954525,BACKFILL_AUTO
2026-04-04 11:11:54,1775301114,R_100,638.28,-1,0.029999999999972715,BACKFILL_AUTO
2026-04-04 11:11:56,1775301116,R_100,638.27,-1,0.009999999999990905,BACKFILL_AUTO
2026-04-04 11:11:58,1775301118,R_100,638.29,1,0.01999999999998181,BACKFILL_AUTO
2026-04-04 11:12:00,1775301120,R_100,638.42,1,0.12999999999999545,BACKFILL_AUTO
2026-04-04 11:12:02,1775301122,R_100,638.67,1,0.25,BACKFILL_AUTO
2026-04-04 11:12:04,1775301124,R_100,638.59,-1,0.07999999999992724,BACKFILL_AUTO
2026-04-04 11:12:06,1775301126,R_100,638.29,-1,0.3000000000000682,BACKFILL_AUTO
2026-04-04 11:12:08,1775301128,R_100,638.25,-1,0.03999999999996362,BACKFILL_AUTO
2026-04-04 11:12:10,1775301130,R_100,638.26,1,0.009999999999990905,BACKFILL_AUTO
2026-04-04 11:12:12,1775301132,R_100,638.2,-1,0.05999999999994543,BACKFILL_AUTO
2026-04-04 11:12:14,1775301134,R_100,638.42,1,0.2199999999999136,BACKFILL_AUTO
2026-04-04 11:12:16,1775301136,R_100,638.39,-1,0.029999999999972715,BACKFILL_AUTO
2026-04-04 11:12:18,1775301138,R_100,638.64,1,0.25,BACKFILL_AUTO
2026-04-04 11:12:20,1775301140,R_100,638.38,-1,0.2599999999999909,BACKFILL_AUTO
2026-04-04 11:12:22,1775301142,R_100,638.73,1,0.35000000000002274,BACKFILL_AUTO
2026-04-04 11:12:24,1775301144,R_100,638.54,-1,0.19000000000005457,BACKFILL_AUTO
2026-04-04 11:12:26,1775301146,R_100,638.62,1,0.08000000000004093,BACKFILL_AUTO
2026-04-04 11:12:28,1775301148,R_100,638.78,1,0.15999999999996817,BACKFILL_AUTO
2026-04-04 11:12:30,1775301150,R_100,638.69,-1,0.08999999999991815,BACKFILL_AUTO
2026-04-04 11:12:32,1775301152,R_100,639.04,1,0.34999999999990905,BACKFILL_AUTO
2026-04-04 11:12:34,1775301154,R_100,639.15,1,0.11000000000001364,BACKFILL_AUTO
2026-04-04 11:12:36,1775301156,R_100,639.23,1,0.08000000000004093,BACKFILL_AUTO
2026-04-04 11:12:38,1775301158,R_100,639.26,1,0.029999999999972715,BACKFILL_AUTO
2026-04-04 11:12:40,1775301160,R_100,639.14,-1,0.12000000000000455,BACKFILL_AUTO
2026-04-04 11:12:42,1775301162,R_100,639.24,1,0.10000000000002274,BACKFILL_AUTO
2026-04-04 11:12:44,1775301164,R_100,639.25,1,0.009999999999990905,BACKFILL_AUTO
2026-04-04 11:12:46,1775301166,R_100,639.1,-1,0.14999999999997726,BACKFILL_AUTO
2026-04-04 11:12:48,1775301168,R_100,638.85,-1,0.25,BACKFILL_AUTO
2026-04-04 11:12:50,1775301170,R_100,638.95,1,0.10000000000002274,BACKFILL_AUTO
2026-04-04 11:12:52,1775301172,R_100,638.94,-1,0.009999999999990905,BACKFILL_AUTO
2026-04-04 11:12:54,1775301174,R_100,638.77,-1,0.17000000000007276,BACKFILL_AUTO
2026-04-04 11:12:56,1775301176,R_100,638.83,1,0.06000000000005912,BACKFILL_AUTO
2026-04-04 11:12:58,1775301178,R_100,639.08,1,0.25,BACKFILL_AUTO
2026-04-04 11:13:00,1775301180,R_100,639.22,1,0.13999999999998636,BACKFILL_AUTO
2026-04-04 11:13:02,1775301182,R_100,638.89,-1,0.3300000000000409,BACKFILL_AUTO
2026-04-04 11:13:04,1775301184,R_100,638.84,-1,0.049999999999954525,BACKFILL_AUTO
2026-04-04 11:13:06,1775301186,R_100,638.77,-1,0.07000000000005002,BACKFILL_AUTO
2026-04-04 11:13:08,1775301188,R_100,638.87,1,0.10000000000002274,BACKFILL_AUTO
2026-04-04 11:13:10,1775301190,R_100,638.7,-1,0.16999999999995907,BACKFILL_AUTO
2026-04-04 11:13:12,1775301192,R_100,638.89,1,0.18999999999994088,BACKFILL_AUTO
2026-04-04 11:13:14,1775301194,R_100,638.66,-1,0.2300000000000182,BACKFILL_AUTO
2026-04-04 11:13:16,1775301196,R_100,638.79,1,0.12999999999999545,BACKFILL_AUTO
2026-04-04 11:13:18,1775301198,R_100,638.76,-1,0.029999999999972715,BACKFILL_AUTO
2026-04-04 11:13:20,1775301200,R_100,638.72,-1,0.03999999999996362,BACKFILL_AUTO
2026-04-04 11:13:22,1775301202,R_100,638.97,1,0.25,BACKFILL_AUTO
2026-04-04 11:13:24,1775301204,R_100,638.91,-1,0.06000000000005912,BACKFILL_AUTO
2026-04-04 11:13:26,1775301206,R_100,638.82,-1,0.08999999999991815,BACKFILL_AUTO
2026-04-04 11:13:28,1775301208,R_100,638.81,-1,0.010000000000104592,BACKFILL_AUTO
2026-04-04 11:13:30,1775301210,R_100,638.76,-1,0.049999999999954525,BACKFILL_AUTO
2026-04-04 11:13:32,1775301212,R_100,638.43,-1,0.3300000000000409,BACKFILL_AUTO
2026-04-04 11:13:34,1775301214,R_100,638.5,1,0.07000000000005002,BACKFILL_AUTO
2026-04-04 11:13:36,1775301216,R_100,638.47,-1,0.029999999999972715,BACKFILL_AUTO
2026-04-04 11:13:38,1775301218,R_100,638.58,1,0.11000000000001364,BACKFILL_AUTO
2026-04-04 11:13:40,1775301220,R_100,638.57,-1,0.009999999999990905,BACKFILL_AUTO
2026-04-04 11:13:42,1775301222,R_100,638.53,-1,0.04000000000007731,BACKFILL_AUTO
2026-04-04 11:13:44,1775301224,R_100,638.54,1,0.009999999999990905,BACKFILL_AUTO
2026-04-04 11:13:46,1775301226,R_100,638.66,1,0.12000000000000455,BACKFILL_AUTO
2026-04-04 11:13:48,1775301228,R_100,638.65,-1,0.009999999999990905,BACKFILL_AUTO
2026-04-04 11:13:50,1775301230,R_100,638.73,1,0.08000000000004093,BACKFILL_AUTO
2026-04-04 11:13:52,1775301232,R_100,638.6,-1,0.12999999999999545,BACKFILL_AUTO
2026-04-04 11:13:54,1775301234,R_100,638.89,1,0.2899999999999636,BACKFILL_AUTO
2026-04-04 11:13:56,1775301236,R_100,638.64,-1,0.25,BACKFILL_AUTO
2026-04-04 11:13:58,1775301238,R_100,638.64,0,0.0,BACKFILL_AUTO
2026-04-04 11:14:00,1775301240,R_100,638.98,1,0.34000000000003183,BACKFILL_AUTO
2026-04-04 11:14:02,1775301242,R_100,639.21,1,0.2300000000000182,BACKFILL_AUTO
2026-04-04 11:14:04,1775301244,R_100,639.38,1,0.16999999999995907,BACKFILL_AUTO
2026-04-04 11:14:06,1775301246,R_100,639.35,-1,0.029999999999972715,BACKFILL_AUTO
2026-04-04 11:14:08,1775301248,R_100,639.4,1,0.049999999999954525,BACKFILL_AUTO
2026-04-04 11:14:10,1775301250,R_100,639.38,-1,0.01999999999998181,BACKFILL_AUTO
2026-04-04 11:14:12,1775301252,R_100,639.38,0,0.0,BACKFILL_AUTO
2026-04-04 11:14:14,1775301254,R_100,639.6,1,0.22000000000002728,BACKFILL_AUTO
2026-04-04 11:14:16,1775301256,R_100,639.55,-1,0.05000000000006821,BACKFILL_AUTO
2026-04-04 11:14:18,1775301258,R_100,639.62,1,0.07000000000005002,BACKFILL_AUTO
2026-04-04 11:14:20,1775301260,R_100,639.64,1,0.01999999999998181,BACKFILL_AUTO
2026-04-04 11:14:22,1775301262,R_100,639.57,-1,0.06999999999993634,BACKFILL_AUTO
2026-04-04 11:14:24,1775301264,R_100,639.86,1,0.2899999999999636,BACKFILL_AUTO
2026-04-04 11:14:26,1775301266,R_100,639.81,-1,0.05000000000006821,BACKFILL_AUTO
2026-04-04 11:14:28,1775301268,R_100,639.7,-1,0.10999999999989996,BACKFILL_AUTO
2026-04-04 11:14:30,1775301270,R_100,639.6,-1,0.10000000000002274,BACKFILL_AUTO
2026-04-04 11:14:32,1775301272,R_100,639.49,-1,0.11000000000001364,BACKFILL_AUTO
2026-04-04 11:14:34,1775301274,R_100,639.13,-1,0.36000000000001364,BACKFILL_AUTO
2026-04-04 11:14:36,1775301276,R_100,639.34,1,0.21000000000003638,BACKFILL_AUTO
2026-04-04 11:14:38,1775301278,R_100,639.61,1,0.2699999999999818,BACKFILL_AUTO
2026-04-04 11:14:40,1775301280,R_100,639.39,-1,0.22000000000002728,BACKFILL_AUTO
2026-04-04 11:14:42,1775301282,R_100,639.39,0,0.0,BACKFILL_AUTO
2026-04-04 11:14:44,1775301284,R_100,639.34,-1,0.049999999999954525,BACKFILL_AUTO
2026-04-04 11:14:46,1775301286,R_100,639.38,1,0.03999999999996362,BACKFILL_AUTO
2026-04-04 11:14:48,1775301288,R_100,639.6,1,0.22000000000002728,BACKFILL_AUTO
2026-04-04 11:14:50,1775301290,R_100,639.52,-1,0.08000000000004093,BACKFILL_AUTO
2026-04-04 11:14:52,1775301292,R_100,639.37,-1,0.14999999999997726,BACKFILL_AUTO
2026-04-04 11:14:54,1775301294,R_100,639.2,-1,0.16999999999995907,BACKFILL_AUTO
2026-04-04 11:14:56,1775301296,R_100,639.11,-1,0.09000000000003183,BACKFILL_AUTO
2026-04-04 11:14:58,1775301298,R_100,639.31,1,0.1999999999999318,BACKFILL_AUTO
2026-04-04 11:15:00,1775301300,R_100,639.09,-1,0.2199999999999136,BACKFILL_AUTO
2026-04-04 11:15:02,1775301302,R_100,639.17,1,0.07999999999992724,BACKFILL_AUTO
2026-04-04 11:15:04,1775301304,R_100,638.64,-1,0.5299999999999727,BACKFILL_AUTO
2026-04-04 11:15:06,1775301306,R_100,638.46,-1,0.17999999999994998,BACKFILL_AUTO
2026-04-04 11:15:08,1775301308,R_100,638.26,-1,0.20000000000004547,BACKFILL_AUTO
2026-04-04 11:15:10,1775301310,R_100,638.0,-1,0.2599999999999909,BACKFILL_AUTO
2026-04-04 11:15:12,1775301312,R_100,637.85,-1,0.14999999999997726,BACKFILL_AUTO
2026-04-04 11:15:14,1775301314,R_100,637.68,-1,0.17000000000007276,BACKFILL_AUTO
2026-04-04 11:15:16,1775301316,R_100,637.91,1,0.2300000000000182,BACKFILL_AUTO
2026-04-04 11:15:18,1775301318,R_100,638.01,1,0.10000000000002274,BACKFILL_AUTO
2026-04-04 11:15:20,1775301320,R_100,638.18,1,0.16999999999995907,BACKFILL_AUTO
2026-04-04 11:15:22,1775301322,R_100,638.21,1,0.030000000000086402,BACKFILL_AUTO
2026-04-04 11:15:24,1775301324,R_100,638.23,1,0.01999999999998181,BACKFILL_AUTO
2026-04-04 11:15:26,1775301326,R_100,638.16,-1,0.07000000000005002,BACKFILL_AUTO
2026-04-04 11:15:28,1775301328,R_100,638.31,1,0.14999999999997726,BACKFILL_AUTO
2026-04-04 11:15:30,1775301330,R_100,638.25,-1,0.05999999999994543,BACKFILL_AUTO
2026-04-04 11:15:32,1775301332,R_100,638.01,-1,0.2400000000000091,BACKFILL_AUTO
2026-04-04 11:15:34,1775301334,R_100,637.97,-1,0.03999999999996362,BACKFILL_AUTO
2026-04-04 11:15:36,1775301336,R_100,638.06,1,0.08999999999991815,BACKFILL_AUTO
2026-04-04 11:15:38,1775301338,R_100,638.0,-1,0.05999999999994543,BACKFILL_AUTO
2026-04-04 11:15:40,1775301340,R_100,638.22,1,0.22000000000002728,BACKFILL_AUTO
2026-04-04 11:15:42,1775301342,R_100,638.16,-1,0.06000000000005912,BACKFILL_AUTO
2026-04-04 11:15:44,1775301344,R_100,638.08,-1,0.07999999999992724,BACKFILL_AUTO
2026-04-04 11:15:46,1775301346,R_100,637.84,-1,0.2400000000000091,BACKFILL_AUTO
2026-04-04 11:15:48,1775301348,R_100,637.76,-1,0.08000000000004093,BACKFILL_AUTO
2026-04-04 11:15:50,1775301350,R_100,637.67,-1,0.09000000000003183,BACKFILL_AUTO
2026-04-04 11:15:52,1775301352,R_100,637.73,1,0.06000000000005912,BACKFILL_AUTO
2026-04-04 11:15:54,1775301354,R_100,637.78,1,0.049999999999954525,BACKFILL_AUTO
2026-04-04 11:15:56,1775301356,R_100,637.93,1,0.14999999999997726,BACKFILL_AUTO
2026-04-04 11:15:58,1775301358,R_100,637.85,-1,0.07999999999992724,BACKFILL_AUTO
2026-04-04 11:16:00,1775301360,R_100,637.85,0,0.0,BACKFILL_AUTO
2026-04-04 11:16:02,1775301362,R_100,637.88,1,0.029999999999972715,BACKFILL_AUTO
2026-04-04 11:16:04,1775301364,R_100,637.64,-1,0.2400000000000091,BACKFILL_AUTO
2026-04-04 11:16:06,1775301366,R_100,637.66,1,0.01999999999998181,BACKFILL_AUTO
2026-04-04 11:16:08,1775301368,R_100,637.54,-1,0.12000000000000455,BACKFILL_AUTO
2026-04-04 11:16:10,1775301370,R_100,637.62,1,0.08000000000004093,BACKFILL_AUTO
2026-04-04 11:16:12,1775301372,R_100,637.58,-1,0.03999999999996362,BACKFILL_AUTO
2026-04-04 11:16:14,1775301374,R_100,637.45,-1,0.12999999999999545,BACKFILL_AUTO
2026-04-04 11:16:16,1775301376,R_100,637.57,1,0.12000000000000455,BACKFILL_AUTO
2026-04-04 11:16:18,1775301378,R_100,637.65,1,0.07999999999992724,BACKFILL_AUTO
2026-04-04 11:16:20,1775301380,R_100,637.57,-1,0.07999999999992724,BACKFILL_AUTO
2026-04-04 11:16:22,1775301382,R_100,637.5,-1,0.07000000000005002,BACKFILL_AUTO
2026-04-04 11:16:24,1775301384,R_100,637.36,-1,0.13999999999998636,BACKFILL_AUTO
2026-04-04 11:16:26,1775301386,R_100,637.43,1,0.06999999999993634,BACKFILL_AUTO
2026-04-04 11:16:28,1775301388,R_100,637.27,-1,0.15999999999996817,BACKFILL_AUTO
2026-04-04 11:16:30,1775301390,R_100,637.34,1,0.07000000000005002,BACKFILL_AUTO
2026-04-04 11:16:32,1775301392,R_100,637.34,0,0.0,BACKFILL_AUTO
2026-04-04 11:16:34,1775301394,R_100,637.41,1,0.06999999999993634,BACKFILL_AUTO
2026-04-04 11:16:36,1775301396,R_100,637.24,-1,0.16999999999995907,BACKFILL_AUTO
2026-04-04 11:16:38,1775301398,R_100,637.03,-1,0.21000000000003638,BACKFILL_AUTO
2026-04-04 11:16:40,1775301400,R_100,636.95,-1,0.07999999999992724,BACKFILL_AUTO
2026-04-04 11:16:42,1775301402,R_100,637.04,1,0.08999999999991815,BACKFILL_AUTO
2026-04-04 11:16:44,1775301404,R_100,637.0,-1,0.03999999999996362,BACKFILL_AUTO
2026-04-04 11:16:46,1775301406,R_100,637.21,1,0.21000000000003638,BACKFILL_AUTO
2026-04-04 11:16:48,1775301408,R_100,637.13,-1,0.08000000000004093,BACKFILL_AUTO
2026-04-04 11:16:50,1775301410,R_100,637.06,-1,0.07000000000005002,BACKFILL_AUTO
2026-04-04 11:16:52,1775301412,R_100,637.41,1,0.35000000000002274,BACKFILL_AUTO
2026-04-04 11:16:54,1775301414,R_100,637.46,1,0.05000000000006821,BACKFILL_AUTO
2026-04-04 11:16:56,1775301416,R_100,637.42,-1,0.04000000000007731,BACKFILL_AUTO
2026-04-04 11:16:58,1775301418,R_100,637.68,1,0.2599999999999909,BACKFILL_AUTO
2026-04-04 11:17:00,1775301420,R_100,637.79,1,0.11000000000001364,BACKFILL_AUTO
2026-04-04 11:17:02,1775301422,R_100,638.01,1,0.22000000000002728,BACKFILL_AUTO
2026-04-04 11:17:04,1775301424,R_100,638.16,1,0.14999999999997726,BACKFILL_AUTO
2026-04-04 11:17:06,1775301426,R_100,638.48,1,0.32000000000005,BACKFILL_AUTO
2026-04-04 11:17:08,1775301428,R_100,638.47,-1,0.009999999999990905,BACKFILL_AUTO
2026-04-04 11:17:10,1775301430,R_100,638.2,-1,0.2699999999999818,BACKFILL_AUTO
2026-04-04 11:17:12,1775301432,R_100,638.33,1,0.12999999999999545,BACKFILL_AUTO
2026-04-04 11:17:14,1775301434,R_100,638.61,1,0.2799999999999727,BACKFILL_AUTO
2026-04-04 11:17:16,1775301436,R_100,638.5,-1,0.11000000000001364,BACKFILL_AUTO
2026-04-04 11:17:18,1775301438,R_100,638.36,-1,0.13999999999998636,BACKFILL_AUTO
2026-04-04 11:17:20,1775301440,R_100,638.07,-1,0.2899999999999636,BACKFILL_AUTO
2026-04-04 11:17:22,1775301442,R_100,638.17,1,0.09999999999990905,BACKFILL_AUTO
2026-04-04 11:17:24,1775301444,R_100,638.43,1,0.2599999999999909,BACKFILL_AUTO
2026-04-04 11:17:26,1775301446,R_100,638.27,-1,0.15999999999996817,BACKFILL_AUTO
2026-04-04 11:17:28,1775301448,R_100,638.03,-1,0.2400000000000091,BACKFILL_AUTO
2026-04-04 11:17:30,1775301450,R_100,638.0,-1,0.029999999999972715,BACKFILL_AUTO
2026-04-04 11:17:32,1775301452,R_100,637.8,-1,0.20000000000004547,BACKFILL_AUTO
2026-04-04 11:17:34,1775301454,R_100,637.72,-1,0.07999999999992724,BACKFILL_AUTO
2026-04-04 11:17:36,1775301456,R_100,637.62,-1,0.10000000000002274,BACKFILL_AUTO
2026-04-04 11:17:38,1775301458,R_100,637.52,-1,0.10000000000002274,BACKFILL_AUTO
2026-04-04 11:17:40,1775301460,R_100,637.35,-1,0.16999999999995907,BACKFILL_AUTO
2026-04-04 11:17:42,1775301462,R_100,637.58,1,0.2300000000000182,BACKFILL_AUTO
2026-04-04 11:17:44,1775301464,R_100,637.56,-1,0.020000000000095497,BACKFILL_AUTO
2026-04-04 11:17:46,1775301466,R_100,637.76,1,0.20000000000004547,BACKFILL_AUTO
2026-04-04 11:17:48,1775301468,R_100,637.97,1,0.21000000000003638,BACKFILL_AUTO
2026-04-04 11:17:50,1775301470,R_100,638.34,1,0.37000000000000455,BACKFILL_AUTO
2026-04-04 11:17:52,1775301472,R_100,638.28,-1,0.06000000000005912,BACKFILL_AUTO
2026-04-04 11:17:54,1775301474,R_100,638.42,1,0.13999999999998636,BACKFILL_AUTO
2026-04-04 11:17:56,1775301476,R_100,638.29,-1,0.12999999999999545,BACKFILL_AUTO
2026-04-04 11:17:58,1775301478,R_100,638.34,1,0.05000000000006821,BACKFILL_AUTO
2026-04-04 11:18:00,1775301480,R_100,638.37,1,0.029999999999972715,BACKFILL_AUTO
2026-04-04 11:18:02,1775301482,R_100,638.3,-1,0.07000000000005002,BACKFILL_AUTO
2026-04-04 11:18:04,1775301484,R_100,638.3,0,0.0,BACKFILL_AUTO
2026-04-04 11:18:06,1775301486,R_100,637.96,-1,0.33999999999991815,BACKFILL_AUTO
2026-04-04 11:18:08,1775301488,R_100,638.04,1,0.07999999999992724,BACKFILL_AUTO
2026-04-04 11:18:10,1775301490,R_100,637.98,-1,0.05999999999994543,BACKFILL_AUTO
2026-04-04 11:18:12,1775301492,R_100,637.82,-1,0.15999999999996817,BACKFILL_AUTO
2026-04-04 11:18:14,1775301494,R_100,638.04,1,0.2199999999999136,BACKFILL_AUTO
2026-04-04 11:18:16,1775301496,R_100,638.16,1,0.12000000000000455,BACKFILL_AUTO
2026-04-04 11:18:18,1775301498,R_100,638.37,1,0.21000000000003638,BACKFILL_AUTO
2026-04-04 11:18:20,1775301500,R_100,638.41,1,0.03999999999996362,BACKFILL_AUTO
2026-04-04 11:18:22,1775301502,R_100,638.46,1,0.05000000000006821,BACKFILL_AUTO
2026-04-04 11:18:24,1775301504,R_100,638.59,1,0.12999999999999545,BACKFILL_AUTO
2026-04-04 11:18:26,1775301506,R_100,638.85,1,0.2599999999999909,BACKFILL_AUTO
2026-04-04 11:18:28,1775301508,R_100,638.43,-1,0.42000000000007276,BACKFILL_AUTO
2026-04-04 11:18:30,1775301510,R_100,638.56,1,0.12999999999999545,BACKFILL_AUTO
2026-04-04 11:18:32,1775301512,R_100,638.55,-1,0.009999999999990905,BACKFILL_AUTO
2026-04-04 11:18:34,1775301514,R_100,638.43,-1,0.12000000000000455,BACKFILL_AUTO
2026-04-04 11:18:36,1775301516,R_100,638.44,1,0.010000000000104592,BACKFILL_AUTO
2026-04-04 11:18:38,1775301518,R_100,638.5,1,0.05999999999994543,BACKFILL_AUTO
2026-04-04 11:18:40,1775301520,R_100,638.81,1,0.30999999999994543,BACKFILL_AUTO
2026-04-04 11:18:42,1775301522,R_100,638.54,-1,0.2699999999999818,BACKFILL_AUTO
2026-04-04 11:18:44,1775301524,R_100,638.3,-1,0.2400000000000091,BACKFILL_AUTO
2026-04-04 11:18:46,1775301526,R_100,638.53,1,0.2300000000000182,BACKFILL_AUTO
2026-04-04 11:18:48,1775301528,R_100,638.78,1,0.25,BACKFILL_AUTO
2026-04-04 11:18:50,1775301530,R_100,638.81,1,0.029999999999972715,BACKFILL_AUTO
2026-04-04 11:18:52,1775301532,R_100,638.63,-1,0.17999999999994998,BACKFILL_AUTO
2026-04-04 11:18:54,1775301534,R_100,638.44,-1,0.18999999999994088,BACKFILL_AUTO
2026-04-04 11:18:56,1775301536,R_100,638.09,-1,0.35000000000002274,BACKFILL_AUTO
2026-04-04 11:18:58,1775301538,R_100,638.03,-1,0.06000000000005912,BACKFILL_AUTO
2026-04-04 11:19:00,1775301540,R_100,637.84,-1,0.18999999999994088,BACKFILL_AUTO
2026-04-04 11:19:02,1775301542,R_100,637.86,1,0.01999999999998181,BACKFILL_AUTO
2026-04-04 11:19:04,1775301544,R_100,637.95,1,0.09000000000003183,BACKFILL_AUTO
2026-04-04 11:19:06,1775301546,R_100,637.94,-1,0.009999999999990905,BACKFILL_AUTO
2026-04-04 11:19:08,1775301548,R_100,637.85,-1,0.09000000000003183,BACKFILL_AUTO
2026-04-04 11:19:10,1775301550,R_100,637.77,-1,0.08000000000004093,BACKFILL_AUTO
2026-04-04 11:19:12,1775301552,R_100,637.65,-1,0.12000000000000455,BACKFILL_AUTO
2026-04-04 11:19:14,1775301554,R_100,637.75,1,0.10000000000002274,BACKFILL_AUTO
2026-04-04 11:19:16,1775301556,R_100,637.7,-1,0.049999999999954525,BACKFILL_AUTO
2026-04-04 11:19:18,1775301558,R_100,637.54,-1,0.16000000000008185,BACKFILL_AUTO
2026-04-04 11:19:20,1775301560,R_100,637.57,1,0.030000000000086402,BACKFILL_AUTO
2026-04-04 11:19:22,1775301562,R_100,637.72,1,0.14999999999997726,BACKFILL_AUTO
2026-04-04 11:19:24,1775301564,R_100,637.72,0,0.0,BACKFILL_AUTO
2026-04-04 11:19:26,1775301566,R_100,637.69,-1,0.029999999999972715,BACKFILL_AUTO
2026-04-04 11:19:28,1775301568,R_100,637.56,-1,0.13000000000010914,BACKFILL_AUTO
2026-04-04 11:19:30,1775301570,R_100,637.53,-1,0.029999999999972715,BACKFILL_AUTO
2026-04-04 11:19:32,1775301572,R_100,637.57,1,0.04000000000007731,BACKFILL_AUTO
2026-04-04 11:19:34,1775301574,R_100,637.83,1,0.2599999999999909,BACKFILL_AUTO
2026-04-04 11:19:36,1775301576,R_100,637.73,-1,0.10000000000002274,BACKFILL_AUTO
2026-04-04 11:19:38,1775301578,R_100,638.08,1,0.35000000000002274,BACKFILL_AUTO
2026-04-04 11:19:40,1775301580,R_100,638.0,-1,0.08000000000004093,BACKFILL_AUTO
2026-04-04 11:19:42,1775301582,R_100,637.7,-1,0.2999999999999545,BACKFILL_AUTO
2026-04-04 11:19:44,1775301584,R_100,637.99,1,0.2899999999999636,BACKFILL_AUTO
2026-04-04 11:19:46,1775301586,R_100,637.55,-1,0.44000000000005457,BACKFILL_AUTO
2026-04-04 11:19:48,1775301588,R_100,637.57,1,0.020000000000095497,BACKFILL_AUTO
2026-04-04 11:19:50,1775301590,R_100,637.35,-1,0.22000000000002728,BACKFILL_AUTO
2026-04-04 11:19:52,1775301592,R_100,637.28,-1,0.07000000000005002,BACKFILL_AUTO
2026-04-04 11:19:54,1775301594,R_100,637.24,-1,0.03999999999996362,BACKFILL_AUTO
2026-04-04 11:19:56,1775301596,R_100,637.08,-1,0.15999999999996817,BACKFILL_AUTO
2026-04-04 11:19:58,1775301598,R_100,636.95,-1,0.12999999999999545,BACKFILL_AUTO
2026-04-04 11:20:00,1775301600,R_100,637.04,1,0.08999999999991815,BACKFILL_AUTO
2026-04-04 11:20:02,1775301602,R_100,637.12,1,0.08000000000004093,BACKFILL_AUTO
2026-04-04 11:20:04,1775301604,R_100,636.98,-1,0.13999999999998636,BACKFILL_AUTO
2026-04-04 11:20:06,1775301606,R_100,636.96,-1,0.01999999999998181,BACKFILL_AUTO
2026-04-04 11:20:08,1775301608,R_100,637.17,1,0.2099999999999227,BACKFILL_AUTO
2026-04-04 11:20:10,1775301610,R_100,637.08,-1,0.08999999999991815,BACKFILL_AUTO
2026-04-04 11:20:12,1775301612,R_100,637.16,1,0.07999999999992724,BACKFILL_AUTO
2026-04-04 11:20:14,1775301614,R_100,637.27,1,0.11000000000001364,BACKFILL_AUTO
2026-04-04 11:20:16,1775301616,R_100,637.24,-1,0.029999999999972715,BACKFILL_AUTO
2026-04-04 11:20:18,1775301618,R_100,637.34,1,0.10000000000002274,BACKFILL_AUTO
2026-04-04 11:20:20,1775301620,R_100,637.48,1,0.13999999999998636,BACKFILL_AUTO
2026-04-04 11:20:22,1775301622,R_100,637.55,1,0.06999999999993634,BACKFILL_AUTO
2026-04-04 11:20:24,1775301624,R_100,637.78,1,0.2300000000000182,BACKFILL_AUTO
2026-04-04 11:20:26,1775301626,R_100,637.55,-1,0.2300000000000182,BACKFILL_AUTO
2026-04-04 11:20:28,1775301628,R_100,637.77,1,0.22000000000002728,BACKFILL_AUTO
2026-04-04 11:20:30,1775301630,R_100,637.65,-1,0.12000000000000455,BACKFILL_AUTO
2026-04-04 11:20:32,1775301632,R_100,637.52,-1,0.12999999999999545,BACKFILL_AUTO
2026-04-04 11:20:34,1775301634,R_100,637.48,-1,0.03999999999996362,BACKFILL_AUTO
2026-04-04 11:20:36,1775301636,R_100,637.7,1,0.22000000000002728,BACKFILL_AUTO
2026-04-04 11:20:38,1775301638,R_100,637.91,1,0.2099999999999227,BACKFILL_AUTO
2026-04-04 11:20:40,1775301640,R_100,637.96,1,0.05000000000006821,BACKFILL_AUTO
2026-04-04 11:20:42,1775301642,R_100,637.94,-1,0.01999999999998181,BACKFILL_AUTO
2026-04-04 11:20:44,1775301644,R_100,637.81,-1,0.13000000000010914,BACKFILL_AUTO
2026-04-04 11:20:46,1775301646,R_100,637.85,1,0.04000000000007731,BACKFILL_AUTO
2026-04-04 11:20:48,1775301648,R_100,637.5,-1,0.35000000000002274,BACKFILL_AUTO
2026-04-04 11:20:50,1775301650,R_100,637.72,1,0.22000000000002728,BACKFILL_AUTO
2026-04-04 11:20:52,1775301652,R_100,638.0,1,0.2799999999999727,BACKFILL_AUTO
2026-04-04 11:20:54,1775301654,R_100,638.02,1,0.01999999999998181,BACKFILL_AUTO
2026-04-04 11:20:56,1775301656,R_100,637.89,-1,0.12999999999999545,BACKFILL_AUTO
2026-04-04 11:20:58,1775301658,R_100,637.82,-1,0.06999999999993634,BACKFILL_AUTO
2026-04-04 11:21:00,1775301660,R_100,637.84,1,0.01999999999998181,BACKFILL_AUTO
2026-04-04 11:21:02,1775301662,R_100,638.02,1,0.17999999999994998,BACKFILL_AUTO
2026-04-04 11:21:04,1775301664,R_100,637.97,-1,0.049999999999954525,BACKFILL_AUTO
2026-04-04 11:21:06,1775301666,R_100,638.08,1,0.11000000000001364,BACKFILL_AUTO
2026-04-04 11:21:08,1775301668,R_100,638.28,1,0.1999999999999318,BACKFILL_AUTO
2026-04-04 11:21:10,1775301670,R_100,638.25,-1,0.029999999999972715,BACKFILL_AUTO
2026-04-04 11:21:12,1775301672,R_100,638.3,1,0.049999999999954525,BACKFILL_AUTO
2026-04-04 11:21:14,1775301674,R_100,638.17,-1,0.12999999999999545,BACKFILL_AUTO
2026-04-04 11:21:16,1775301676,R_100,638.18,1,0.009999999999990905,BACKFILL_AUTO
2026-04-04 11:21:18,1775301678,R_100,638.12,-1,0.05999999999994543,BACKFILL_AUTO
2026-04-04 11:21:20,1775301680,R_100,638.04,-1,0.08000000000004093,BACKFILL_AUTO
2026-04-04 11:21:22,1775301682,R_100,637.91,-1,0.12999999999999545,BACKFILL_AUTO
2026-04-04 11:21:24,1775301684,R_100,637.8,-1,0.11000000000001364,BACKFILL_AUTO
2026-04-04 11:21:26,1775301686,R_100,637.73,-1,0.06999999999993634,BACKFILL_AUTO
2026-04-04 11:21:28,1775301688,R_100,637.67,-1,0.06000000000005912,BACKFILL_AUTO
2026-04-04 11:21:30,1775301690,R_100,637.69,1,0.020000000000095497,BACKFILL_AUTO
2026-04-04 11:21:32,1775301692,R_100,637.76,1,0.06999999999993634,BACKFILL_AUTO
2026-04-04 11:21:34,1775301694,R_100,637.84,1,0.08000000000004093,BACKFILL_AUTO
2026-04-04 11:21:36,1775301696,R_100,638.01,1,0.16999999999995907,BACKFILL_AUTO
2026-04-04 11:21:38,1775301698,R_100,637.83,-1,0.17999999999994998,BACKFILL_AUTO
2026-04-04 11:21:40,1775301700,R_100,637.51,-1,0.32000000000005,BACKFILL_AUTO
2026-04-04 11:21:42,1775301702,R_100,637.58,1,0.07000000000005002,BACKFILL_AUTO
2026-04-04 11:21:44,1775301704,R_100,637.63,1,0.049999999999954525,BACKFILL_AUTO
2026-04-04 11:21:46,1775301706,R_100,637.7,1,0.07000000000005002,BACKFILL_AUTO
2026-04-04 11:21:48,1775301708,R_100,637.84,1,0.13999999999998636,BACKFILL_AUTO
2026-04-04 11:21:50,1775301710,R_100,637.93,1,0.08999999999991815,BACKFILL_AUTO
2026-04-04 11:21:52,1775301712,R_100,638.16,1,0.2300000000000182,BACKFILL_AUTO
2026-04-04 11:21:54,1775301714,R_100,638.38,1,0.22000000000002728,BACKFILL_AUTO
2026-04-04 11:21:56,1775301716,R_100,638.36,-1,0.01999999999998181,BACKFILL_AUTO
2026-04-04 11:21:58,1775301718,R_100,638.14,-1,0.22000000000002728,BACKFILL_AUTO
2026-04-04 11:22:00,1775301720,R_100,638.09,-1,0.049999999999954525,BACKFILL_AUTO
2026-04-04 11:22:02,1775301722,R_100,638.3,1,0.2099999999999227,BACKFILL_AUTO
2026-04-04 11:22:04,1775301724,R_100,638.61,1,0.3100000000000591,BACKFILL_AUTO
2026-04-04 11:22:06,1775301726,R_100,638.41,-1,0.20000000000004547,BACKFILL_AUTO
2026-04-04 11:22:08,1775301728,R_100,638.17,-1,0.2400000000000091,BACKFILL_AUTO
2026-04-04 11:22:10,1775301730,R_100,638.17,0,0.0,BACKFILL_AUTO
2026-04-04 11:22:12,1775301732,R_100,638.33,1,0.16000000000008185,BACKFILL_AUTO
2026-04-04 11:22:14,1775301734,R_100,638.16,-1,0.17000000000007276,BACKFILL_AUTO
2026-04-04 11:22:16,1775301736,R_100,638.2,1,0.04000000000007731,BACKFILL_AUTO
2026-04-04 11:22:18,1775301738,R_100,638.11,-1,0.09000000000003183,BACKFILL_AUTO
2026-04-04 11:22:20,1775301740,R_100,638.03,-1,0.08000000000004093,BACKFILL_AUTO
2026-04-04 11:22:22,1775301742,R_100,638.07,1,0.04000000000007731,BACKFILL_AUTO
2026-04-04 11:22:24,1775301744,R_100,638.32,1,0.25,BACKFILL_AUTO
2026-04-04 11:22:26,1775301746,R_100,638.32,0,0.0,BACKFILL_AUTO
2026-04-04 11:22:28,1775301748,R_100,638.33,1,0.009999999999990905,BACKFILL_AUTO
2026-04-04 11:22:30,1775301750,R_100,638.39,1,0.05999999999994543,BACKFILL_AUTO
2026-04-04 11:22:32,1775301752,R_100,638.44,1,0.05000000000006821,BACKFILL_AUTO
2026-04-04 11:22:34,1775301754,R_100,638.55,1,0.10999999999989996,BACKFILL_AUTO
2026-04-04 11:22:36,1775301756,R_100,638.61,1,0.06000000000005912,BACKFILL_AUTO
2026-04-04 11:22:38,1775301758,R_100,638.52,-1,0.09000000000003183,BACKFILL_AUTO
2026-04-04 11:22:40,1775301760,R_100,638.52,0,0.0,BACKFILL_AUTO
2026-04-04 11:22:42,1775301762,R_100,638.22,-1,0.2999999999999545,BACKFILL_AUTO
2026-04-04 11:22:44,1775301764,R_100,638.33,1,0.11000000000001364,BACKFILL_AUTO
2026-04-04 11:22:46,1775301766,R_100,638.34,1,0.009999999999990905,BACKFILL_AUTO
2026-04-04 11:22:48,1775301768,R_100,638.35,1,0.009999999999990905,BACKFILL_AUTO
2026-04-04 11:22:50,1775301770,R_100,638.21,-1,0.13999999999998636,BACKFILL_AUTO
2026-04-04 11:22:52,1775301772,R_100,638.08,-1,0.12999999999999545,BACKFILL_AUTO
2026-04-04 11:22:54,1775301774,R_100,637.91,-1,0.17000000000007276,BACKFILL_AUTO
2026-04-04 11:22:56,1775301776,R_100,637.86,-1,0.049999999999954525,BACKFILL_AUTO
2026-04-04 11:22:58,1775301778,R_100,637.73,-1,0.12999999999999545,BACKFILL_AUTO
2026-04-04 11:23:00,1775301780,R_100,637.77,1,0.03999999999996362,BACKFILL_AUTO
2026-04-04 11:23:02,1775301782,R_100,637.82,1,0.05000000000006821,BACKFILL_AUTO
2026-04-04 11:23:04,1775301784,R_100,637.89,1,0.06999999999993634,BACKFILL_AUTO
2026-04-04 11:23:06,1775301786,R_100,637.91,1,0.01999999999998181,BACKFILL_AUTO
2026-04-04 11:23:08,1775301788,R_100,637.99,1,0.08000000000004093,BACKFILL_AUTO
2026-04-04 11:23:10,1775301790,R_100,637.94,-1,0.049999999999954525,BACKFILL_AUTO
2026-04-04 11:23:12,1775301792,R_100,637.76,-1,0.18000000000006366,BACKFILL_AUTO
2026-04-04 11:23:14,1775301794,R_100,637.99,1,0.2300000000000182,BACKFILL_AUTO
2026-04-04 11:23:16,1775301796,R_100,638.17,1,0.17999999999994998,BACKFILL_AUTO
2026-04-04 11:23:18,1775301798,R_100,638.15,-1,0.01999999999998181,BACKFILL_AUTO
2026-04-04 11:23:20,1775301800,R_100,638.27,1,0.12000000000000455,BACKFILL_AUTO
2026-04-04 11:23:22,1775301802,R_100,638.17,-1,0.10000000000002274,BACKFILL_AUTO
2026-04-04 11:23:24,1775301804,R_100,638.31,1,0.13999999999998636,BACKFILL_AUTO
2026-04-04 11:23:26,1775301806,R_100,638.31,0,0.0,BACKFILL_AUTO
2026-04-04 11:23:28,1775301808,R_100,638.29,-1,0.01999999999998181,BACKFILL_AUTO
2026-04-04 11:23:30,1775301810,R_100,638.35,1,0.06000000000005912,BACKFILL_AUTO
2026-04-04 11:23:32,1775301812,R_100,638.55,1,0.1999999999999318,BACKFILL_AUTO
2026-04-04 11:23:34,1775301814,R_100,638.62,1,0.07000000000005002,BACKFILL_AUTO
2026-04-04 11:23:36,1775301816,R_100,638.55,-1,0.07000000000005002,BACKFILL_AUTO
2026-04-04 11:23:38,1775301818,R_100,638.35,-1,0.1999999999999318,BACKFILL_AUTO
2026-04-04 11:23:40,1775301820,R_100,638.26,-1,0.09000000000003183,BACKFILL_AUTO
2026-04-04 11:23:42,1775301822,R_100,638.08,-1,0.17999999999994998,BACKFILL_AUTO
2026-04-04 11:23:44,1775301824,R_100,638.04,-1,0.04000000000007731,BACKFILL_AUTO
2026-04-04 11:23:46,1775301826,R_100,638.15,1,0.11000000000001364,BACKFILL_AUTO
2026-04-04 11:23:48,1775301828,R_100,638.14,-1,0.009999999999990905,BACKFILL_AUTO
2026-04-04 11:23:50,1775301830,R_100,638.08,-1,0.05999999999994543,BACKFILL_AUTO
2026-04-04 11:23:52,1775301832,R_100,637.84,-1,0.2400000000000091,BACKFILL_AUTO
2026-04-04 11:23:54,1775301834,R_100,637.6,-1,0.2400000000000091,BACKFILL_AUTO
2026-04-04 11:23:56,1775301836,R_100,637.72,1,0.12000000000000455,BACKFILL_AUTO
2026-04-04 11:23:58,1775301838,R_100,637.94,1,0.22000000000002728,BACKFILL_AUTO
2026-04-04 11:24:00,1775301840,R_100,637.87,-1,0.07000000000005002,BACKFILL_AUTO
2026-04-04 11:24:02,1775301842,R_100,637.76,-1,0.11000000000001364,BACKFILL_AUTO
2026-04-04 11:24:04,1775301844,R_100,637.54,-1,0.22000000000002728,BACKFILL_AUTO
2026-04-04 11:24:06,1775301846,R_100,637.57,1,0.030000000000086402,BACKFILL_AUTO
2026-04-04 11:24:08,1775301848,R_100,637.89,1,0.31999999999993634,BACKFILL_AUTO
2026-04-04 11:24:10,1775301850,R_100,637.71,-1,0.17999999999994998,BACKFILL_AUTO
2026-04-04 11:24:12,1775301852,R_100,637.81,1,0.09999999999990905,BACKFILL_AUTO
2026-04-04 11:24:14,1775301854,R_100,637.67,-1,0.13999999999998636,BACKFILL_AUTO
2026-04-04 11:24:16,1775301856,R_100,637.57,-1,0.09999999999990905,BACKFILL_AUTO
2026-04-04 11:24:18,1775301858,R_100,637.62,1,0.049999999999954525,BACKFILL_AUTO
2026-04-04 11:24:20,1775301860,R_100,637.78,1,0.15999999999996817,BACKFILL_AUTO
2026-04-04 11:24:22,1775301862,R_100,637.89,1,0.11000000000001364,BACKFILL_AUTO
2026-04-04 11:24:24,1775301864,R_100,637.89,0,0.0,BACKFILL_AUTO
2026-04-04 11:24:26,1775301866,R_100,637.98,1,0.09000000000003183,BACKFILL_AUTO
2026-04-04 11:24:28,1775301868,R_100,637.96,-1,0.01999999999998181,BACKFILL_AUTO
2026-04-04 11:24:30,1775301870,R_100,637.85,-1,0.11000000000001364,BACKFILL_AUTO
2026-04-04 11:24:32,1775301872,R_100,638.11,1,0.2599999999999909,BACKFILL_AUTO
2026-04-04 11:24:34,1775301874,R_100,638.5,1,0.38999999999998636,BACKFILL_AUTO
2026-04-04 11:24:36,1775301876,R_100,638.63,1,0.12999999999999545,BACKFILL_AUTO
2026-04-04 11:24:38,1775301878,R_100,638.25,-1,0.37999999999999545,BACKFILL_AUTO
2026-04-04 11:24:40,1775301880,R_100,638.24,-1,0.009999999999990905,BACKFILL_AUTO
2026-04-04 11:24:42,1775301882,R_100,638.31,1,0.06999999999993634,BACKFILL_AUTO
2026-04-04 11:24:44,1775301884,R_100,638.08,-1,0.2299999999999045,BACKFILL_AUTO
2026-04-04 11:24:46,1775301886,R_100,638.33,1,0.25,BACKFILL_AUTO
2026-04-04 11:24:48,1775301888,R_100,638.31,-1,0.020000000000095497,BACKFILL_AUTO
2026-04-04 11:24:50,1775301890,R_100,638.22,-1,0.08999999999991815,BACKFILL_AUTO
2026-04-04 11:24:52,1775301892,R_100,638.39,1,0.16999999999995907,BACKFILL_AUTO
2026-04-04 11:24:54,1775301894,R_100,638.56,1,0.16999999999995907,BACKFILL_AUTO
2026-04-04 11:24:56,1775301896,R_100,638.51,-1,0.049999999999954525,BACKFILL_AUTO
2026-04-04 11:24:58,1775301898,R_100,638.56,1,0.049999999999954525,BACKFILL_AUTO
2026-04-04 11:25:00,1775301900,R_100,638.71,1,0.15000000000009095,BACKFILL_AUTO
2026-04-04 11:25:02,1775301902,R_100,638.72,1,0.009999999999990905,BACKFILL_AUTO
2026-04-04 11:25:04,1775301904,R_100,638.81,1,0.08999999999991815,BACKFILL_AUTO
2026-04-04 11:25:06,1775301906,R_100,638.6,-1,0.2099999999999227,BACKFILL_AUTO
2026-04-04 11:25:08,1775301908,R_100,638.6,0,0.0,BACKFILL_AUTO
2026-04-04 11:25:10,1775301910,R_100,638.51,-1,0.09000000000003183,BACKFILL_AUTO
2026-04-04 11:25:12,1775301912,R_100,638.65,1,0.13999999999998636,BACKFILL_AUTO
2026-04-04 11:25:14,1775301914,R_100,638.57,-1,0.07999999999992724,BACKFILL_AUTO
2026-04-04 11:25:16,1775301916,R_100,638.85,1,0.2799999999999727,BACKFILL_AUTO
2026-04-04 11:25:18,1775301918,R_100,638.61,-1,0.2400000000000091,BACKFILL_AUTO
2026-04-04 11:25:20,1775301920,R_100,638.46,-1,0.14999999999997726,BACKFILL_AUTO
2026-04-04 11:25:22,1775301922,R_100,638.34,-1,0.12000000000000455,BACKFILL_AUTO
2026-04-04 11:25:24,1775301924,R_100,638.7,1,0.36000000000001364,BACKFILL_AUTO
2026-04-04 11:25:26,1775301926,R_100,638.76,1,0.05999999999994543,BACKFILL_AUTO
2026-04-04 11:25:28,1775301928,R_100,638.72,-1,0.03999999999996362,BACKFILL_AUTO
2026-04-04 11:25:30,1775301930,R_100,638.9,1,0.17999999999994998,BACKFILL_AUTO
2026-04-04 11:25:32,1775301932,R_100,638.56,-1,0.34000000000003183,BACKFILL_AUTO
2026-04-04 11:25:34,1775301934,R_100,638.32,-1,0.2399999999998954,BACKFILL_AUTO
2026-04-04 11:25:36,1775301936,R_100,638.46,1,0.13999999999998636,BACKFILL_AUTO
2026-04-04 11:25:38,1775301938,R_100,638.64,1,0.17999999999994998,BACKFILL_AUTO
2026-04-04 11:25:40,1775301940,R_100,638.64,0,0.0,BACKFILL_AUTO
2026-04-04 11:25:42,1775301942,R_100,638.54,-1,0.10000000000002274,BACKFILL_AUTO
2026-04-04 11:25:44,1775301944,R_100,638.52,-1,0.01999999999998181,BACKFILL_AUTO
2026-04-04 11:25:46,1775301946,R_100,638.46,-1,0.05999999999994543,BACKFILL_AUTO
2026-04-04 11:25:48,1775301948,R_100,638.49,1,0.029999999999972715,BACKFILL_AUTO
2026-04-04 11:25:50,1775301950,R_100,638.23,-1,0.2599999999999909,BACKFILL_AUTO
2026-04-04 11:25:52,1775301952,R_100,637.94,-1,0.2899999999999636,BACKFILL_AUTO
2026-04-04 11:25:54,1775301954,R_100,638.24,1,0.2999999999999545,BACKFILL_AUTO
2026-04-04 11:25:56,1775301956,R_100,638.46,1,0.22000000000002728,BACKFILL_AUTO
2026-04-04 11:25:58,1775301958,R_100,638.28,-1,0.18000000000006366,BACKFILL_AUTO
2026-04-04 11:26:00,1775301960,R_100,637.94,-1,0.33999999999991815,BACKFILL_AUTO
2026-04-04 11:26:02,1775301962,R_100,638.02,1,0.07999999999992724,BACKFILL_AUTO
2026-04-04 11:26:04,1775301964,R_100,637.94,-1,0.07999999999992724,BACKFILL_AUTO
2026-04-04 11:26:06,1775301966,R_100,637.99,1,0.049999999999954525,BACKFILL_AUTO
2026-04-04 11:26:08,1775301968,R_100,638.12,1,0.12999999999999545,BACKFILL_AUTO
2026-04-04 11:26:10,1775301970,R_100,637.84,-1,0.2799999999999727,BACKFILL_AUTO
2026-04-04 11:26:12,1775301972,R_100,637.64,-1,0.20000000000004547,BACKFILL_AUTO
2026-04-04 11:26:14,1775301974,R_100,637.61,-1,0.029999999999972715,BACKFILL_AUTO
2026-04-04 11:26:16,1775301976,R_100,637.45,-1,0.15999999999996817,BACKFILL_AUTO
2026-04-04 11:26:18,1775301978,R_100,637.29,-1,0.16000000000008185,BACKFILL_AUTO
2026-04-04 11:26:20,1775301980,R_100,637.44,1,0.15000000000009095,BACKFILL_AUTO
2026-04-04 11:26:22,1775301982,R_100,637.92,1,0.4799999999999045,BACKFILL_AUTO
2026-04-04 11:26:24,1775301984,R_100,637.82,-1,0.09999999999990905,BACKFILL_AUTO
2026-04-04 11:26:26,1775301986,R_100,637.5,-1,0.32000000000005,BACKFILL_AUTO
2026-04-04 11:26:28,1775301988,R_100,637.42,-1,0.08000000000004093,BACKFILL_AUTO
2026-04-04 11:26:30,1775301990,R_100,637.58,1,0.16000000000008185,BACKFILL_AUTO
2026-04-04 11:26:32,1775301992,R_100,637.61,1,0.029999999999972715,BACKFILL_AUTO
2026-04-04 11:26:34,1775301994,R_100,637.67,1,0.05999999999994543,BACKFILL_AUTO
2026-04-04 11:26:36,1775301996,R_100,637.88,1,0.21000000000003638,BACKFILL_AUTO
2026-04-04 11:26:38,1775301998,R_100,638.05,1,0.16999999999995907,BACKFILL_AUTO
2026-04-04 11:26:40,1775302000,R_100,637.72,-1,0.32999999999992724,BACKFILL_AUTO
2026-04-04 11:26:42,1775302002,R_100,637.62,-1,0.10000000000002274,BACKFILL_AUTO
2026-04-04 11:26:44,1775302004,R_100,637.61,-1,0.009999999999990905,BACKFILL_AUTO
2026-04-04 11:26:46,1775302006,R_100,637.51,-1,0.10000000000002274,BACKFILL_AUTO
2026-04-04 11:26:48,1775302008,R_100,637.45,-1,0.05999999999994543,BACKFILL_AUTO
2026-04-04 11:26:50,1775302010,R_100,637.37,-1,0.08000000000004093,BACKFILL_AUTO
2026-04-04 11:26:52,1775302012,R_100,637.39,1,0.01999999999998181,BACKFILL_AUTO
2026-04-04 11:26:54,1775302014,R_100,637.28,-1,0.11000000000001364,BACKFILL_AUTO
2026-04-04 11:26:56,1775302016,R_100,637.3,1,0.01999999999998181,BACKFILL_AUTO
2026-04-04 11:26:58,1775302018,R_100,637.22,-1,0.07999999999992724,BACKFILL_AUTO
2026-04-04 11:27:00,1775302020,R_100,637.07,-1,0.14999999999997726,BACKFILL_AUTO
2026-04-04 11:27:02,1775302022,R_100,637.21,1,0.13999999999998636,BACKFILL_AUTO
2026-04-04 11:27:04,1775302024,R_100,637.35,1,0.13999999999998636,BACKFILL_AUTO
2026-04-04 11:27:06,1775302026,R_100,637.36,1,0.009999999999990905,BACKFILL_AUTO
2026-04-04 11:27:08,1775302028,R_100,637.27,-1,0.09000000000003183,BACKFILL_AUTO
2026-04-04 11:27:10,1775302030,R_100,637.38,1,0.11000000000001364,BACKFILL_AUTO
2026-04-04 11:27:12,1775302032,R_100,637.53,1,0.14999999999997726,BACKFILL_AUTO
2026-04-04 11:27:14,1775302034,R_100,637.39,-1,0.13999999999998636,BACKFILL_AUTO
2026-04-04 11:27:16,1775302036,R_100,637.46,1,0.07000000000005002,BACKFILL_AUTO
2026-04-04 11:27:18,1775302038,R_100,637.28,-1,0.18000000000006366,BACKFILL_AUTO
2026-04-04 11:27:20,1775302040,R_100,637.31,1,0.029999999999972715,BACKFILL_AUTO
2026-04-04 11:27:22,1775302042,R_100,637.22,-1,0.08999999999991815,BACKFILL_AUTO
2026-04-04 11:27:24,1775302044,R_100,637.03,-1,0.19000000000005457,BACKFILL_AUTO
2026-04-04 11:27:26,1775302046,R_100,637.28,1,0.25,BACKFILL_AUTO
2026-04-04 11:27:28,1775302048,R_100,637.31,1,0.029999999999972715,BACKFILL_AUTO
2026-04-04 11:27:30,1775302050,R_100,637.16,-1,0.14999999999997726,BACKFILL_AUTO
2026-04-04 11:27:32,1775302052,R_100,637.21,1,0.05000000000006821,BACKFILL_AUTO
2026-04-04 11:27:34,1775302054,R_100,637.25,1,0.03999999999996362,BACKFILL_AUTO
2026-04-04 11:27:36,1775302056,R_100,637.06,-1,0.19000000000005457,BACKFILL_AUTO
2026-04-04 11:27:38,1775302058,R_100,636.96,-1,0.09999999999990905,BACKFILL_AUTO
2026-04-04 11:27:40,1775302060,R_100,636.83,-1,0.12999999999999545,BACKFILL_AUTO
2026-04-04 11:27:42,1775302062,R_100,636.93,1,0.09999999999990905,BACKFILL_AUTO
2026-04-04 11:27:44,1775302064,R_100,637.12,1,0.19000000000005457,BACKFILL_AUTO
2026-04-04 11:27:46,1775302066,R_100,637.22,1,0.10000000000002274,BACKFILL_AUTO
2026-04-04 11:27:48,1775302068,R_100,637.19,-1,0.029999999999972715,BACKFILL_AUTO
2026-04-04 11:27:50,1775302070,R_100,637.06,-1,0.13000000000010914,BACKFILL_AUTO
2026-04-04 11:27:52,1775302072,R_100,637.03,-1,0.029999999999972715,BACKFILL_AUTO
2026-04-04 11:27:54,1775302074,R_100,636.91,-1,0.12000000000000455,BACKFILL_AUTO
2026-04-04 11:27:56,1775302076,R_100,636.93,1,0.01999999999998181,BACKFILL_AUTO
2026-04-04 11:27:58,1775302078,R_100,636.87,-1,0.05999999999994543,BACKFILL_AUTO
2026-04-04 11:28:00,1775302080,R_100,636.82,-1,0.049999999999954525,BACKFILL_AUTO
2026-04-04 11:28:02,1775302082,R_100,636.4,-1,0.42000000000007276,BACKFILL_AUTO
2026-04-04 11:28:04,1775302084,R_100,636.3,-1,0.10000000000002274,BACKFILL_AUTO
2026-04-04 11:28:06,1775302086,R_100,636.36,1,0.06000000000005912,BACKFILL_AUTO
2026-04-04 11:28:08,1775302088,R_100,636.55,1,0.18999999999994088,BACKFILL_AUTO
2026-04-04 11:28:10,1775302090,R_100,636.57,1,0.020000000000095497,BACKFILL_AUTO
2026-04-04 11:28:12,1775302092,R_100,636.63,1,0.05999999999994543,BACKFILL_AUTO
2026-04-04 11:28:14,1775302094,R_100,636.38,-1,0.25,BACKFILL_AUTO
2026-04-04 11:28:16,1775302096,R_100,636.3,-1,0.08000000000004093,BACKFILL_AUTO
2026-04-04 11:28:18,1775302098,R_100,636.36,1,0.06000000000005912,BACKFILL_AUTO
2026-04-04 11:28:20,1775302100,R_100,636.6,1,0.2400000000000091,BACKFILL_AUTO
2026-04-04 11:28:22,1775302102,R_100,636.58,-1,0.01999999999998181,BACKFILL_AUTO
2026-04-04 11:28:24,1775302104,R_100,636.66,1,0.07999999999992724,BACKFILL_AUTO
2026-04-04 11:28:26,1775302106,R_100,636.89,1,0.2300000000000182,BACKFILL_AUTO
2026-04-04 11:28:28,1775302108,R_100,636.78,-1,0.11000000000001364,BACKFILL_AUTO
2026-04-04 11:28:30,1775302110,R_100,636.83,1,0.05000000000006821,BACKFILL_AUTO
2026-04-04 11:28:32,1775302112,R_100,636.59,-1,0.2400000000000091,BACKFILL_AUTO
2026-04-04 11:28:34,1775302114,R_100,636.47,-1,0.12000000000000455,BACKFILL_AUTO
2026-04-04 11:28:36,1775302116,R_100,636.53,1,0.05999999999994543,BACKFILL_AUTO
2026-04-04 11:28:38,1775302118,R_100,636.09,-1,0.4399999999999409,BACKFILL_AUTO
2026-04-04 11:28:40,1775302120,R_100,635.98,-1,0.11000000000001364,BACKFILL_AUTO
2026-04-04 11:28:42,1775302122,R_100,635.99,1,0.009999999999990905,BACKFILL_AUTO
2026-04-04 11:28:44,1775302124,R_100,636.06,1,0.06999999999993634,BACKFILL_AUTO
2026-04-04 11:28:46,1775302126,R_100,635.93,-1,0.12999999999999545,BACKFILL_AUTO
2026-04-04 11:28:48,1775302128,R_100,636.0,1,0.07000000000005002,BACKFILL_AUTO
2026-04-04 11:28:50,1775302130,R_100,635.89,-1,0.11000000000001364,BACKFILL_AUTO
2026-04-04 11:28:52,1775302132,R_100,635.97,1,0.08000000000004093,BACKFILL_AUTO
2026-04-04 11:28:54,1775302134,R_100,636.03,1,0.05999999999994543,BACKFILL_AUTO
2026-04-04 11:28:56,1775302136,R_100,635.87,-1,0.15999999999996817,BACKFILL_AUTO
2026-04-04 11:28:58,1775302138,R_100,636.12,1,0.25,BACKFILL_AUTO
2026-04-04 11:29:00,1775302140,R_100,636.31,1,0.18999999999994088,BACKFILL_AUTO
2026-04-04 11:29:02,1775302142,R_100,636.23,-1,0.07999999999992724,BACKFILL_AUTO
2026-04-04 11:29:04,1775302144,R_100,636.2,-1,0.029999999999972715,BACKFILL_AUTO
2026-04-04 11:29:06,1775302146,R_100,635.95,-1,0.25,BACKFILL_AUTO
2026-04-04 11:29:08,1775302148,R_100,635.88,-1,0.07000000000005002,BACKFILL_AUTO
2026-04-04 11:29:10,1775302150,R_100,635.86,-1,0.01999999999998181,BACKFILL_AUTO
2026-04-04 11:29:12,1775302152,R_100,635.91,1,0.049999999999954525,BACKFILL_AUTO
2026-04-04 11:29:14,1775302154,R_100,636.1,1,0.19000000000005457,BACKFILL_AUTO
2026-04-04 11:29:16,1775302156,R_100,635.97,-1,0.12999999999999545,BACKFILL_AUTO
2026-04-04 11:29:18,1775302158,R_100,635.99,1,0.01999999999998181,BACKFILL_AUTO
2026-04-04 11:29:20,1775302160,R_100,635.97,-1,0.01999999999998181,BACKFILL_AUTO
2026-04-04 11:29:22,1775302162,R_100,635.87,-1,0.10000000000002274,BACKFILL_AUTO
2026-04-04 11:29:24,1775302164,R_100,636.03,1,0.15999999999996817,BACKFILL_AUTO
2026-04-04 11:29:26,1775302166,R_100,635.85,-1,0.17999999999994998,BACKFILL_AUTO
2026-04-04 11:29:28,1775302168,R_100,635.81,-1,0.04000000000007731,BACKFILL_AUTO
2026-04-04 11:29:30,1775302170,R_100,636.02,1,0.21000000000003638,BACKFILL_AUTO
2026-04-04 11:29:32,1775302172,R_100,636.26,1,0.2400000000000091,BACKFILL_AUTO
2026-04-04 11:29:34,1775302174,R_100,636.5,1,0.2400000000000091,BACKFILL_AUTO
2026-04-04 11:29:36,1775302176,R_100,636.51,1,0.009999999999990905,BACKFILL_AUTO
2026-04-04 11:29:38,1775302178,R_100,636.84,1,0.3300000000000409,BACKFILL_AUTO
2026-04-04 11:29:40,1775302180,R_100,636.87,1,0.029999999999972715,BACKFILL_AUTO
2026-04-04 11:29:42,1775302182,R_100,636.97,1,0.10000000000002274,BACKFILL_AUTO
2026-04-04 11:29:44,1775302184,R_100,636.95,-1,0.01999999999998181,BACKFILL_AUTO
2026-04-04 11:29:46,1775302186,R_100,636.93,-1,0.020000000000095497,BACKFILL_AUTO
2026-04-04 11:29:48,1775302188,R_100,636.8,-1,0.12999999999999545,BACKFILL_AUTO
2026-04-04 11:29:50,1775302190,R_100,637.09,1,0.2900000000000773,BACKFILL_AUTO
2026-04-04 11:29:52,1775302192,R_100,637.22,1,0.12999999999999545,BACKFILL_AUTO
2026-04-04 11:29:54,1775302194,R_100,637.2,-1,0.01999999999998181,BACKFILL_AUTO
2026-04-04 11:29:56,1775302196,R_100,637.08,-1,0.12000000000000455,BACKFILL_AUTO
2026-04-04 11:29:58,1775302198,R_100,637.21,1,0.12999999999999545,BACKFILL_AUTO
2026-04-04 11:30:00,1775302200,R_100,637.02,-1,0.19000000000005457,BACKFILL_AUTO
2026-04-04 11:30:02,1775302202,R_100,636.8,-1,0.22000000000002728,BACKFILL_AUTO
2026-04-04 11:30:04,1775302204,R_100,636.85,1,0.05000000000006821,BACKFILL_AUTO
2026-04-04 11:30:06,1775302206,R_100,636.86,1,0.009999999999990905,BACKFILL_AUTO
2026-04-04 11:30:08,1775302208,R_100,636.82,-1,0.03999999999996362,BACKFILL_AUTO
2026-04-04 11:30:10,1775302210,R_100,636.86,1,0.03999999999996362,BACKFILL_AUTO
2026-04-04 11:30:12,1775302212,R_100,636.65,-1,0.21000000000003638,BACKFILL_AUTO
2026-04-04 11:30:14,1775302214,R_100,636.68,1,0.029999999999972715,BACKFILL_AUTO
2026-04-04 11:30:16,1775302216,R_100,636.48,-1,0.1999999999999318,BACKFILL_AUTO
2026-04-04 11:30:18,1775302218,R_100,636.62,1,0.13999999999998636,BACKFILL_AUTO
2026-04-04 11:30:20,1775302220,R_100,636.29,-1,0.3300000000000409,BACKFILL_AUTO
2026-04-04 11:30:22,1775302222,R_100,636.07,-1,0.2199999999999136,BACKFILL_AUTO
2026-04-04 11:30:24,1775302224,R_100,636.13,1,0.05999999999994543,BACKFILL_AUTO
2026-04-04 11:30:26,1775302226,R_100,636.14,1,0.009999999999990905,BACKFILL_AUTO
2026-04-04 11:30:28,1775302228,R_100,635.8,-1,0.34000000000003183,BACKFILL_AUTO
2026-04-04 11:30:30,1775302230,R_100,636.07,1,0.2700000000000955,BACKFILL_AUTO
2026-04-04 11:30:32,1775302232,R_100,636.06,-1,0.010000000000104592,BACKFILL_AUTO
2026-04-04 11:30:34,1775302234,R_100,635.86,-1,0.1999999999999318,BACKFILL_AUTO
2026-04-04 11:30:36,1775302236,R_100,635.99,1,0.12999999999999545,BACKFILL_AUTO
2026-04-04 11:30:38,1775302238,R_100,636.03,1,0.03999999999996362,BACKFILL_AUTO
2026-04-04 11:30:40,1775302240,R_100,636.17,1,0.13999999999998636,BACKFILL_AUTO
2026-04-04 11:30:42,1775302242,R_100,636.04,-1,0.12999999999999545,BACKFILL_AUTO
2026-04-04 11:30:44,1775302244,R_100,635.95,-1,0.08999999999991815,BACKFILL_AUTO
2026-04-04 11:30:46,1775302246,R_100,635.82,-1,0.12999999999999545,BACKFILL_AUTO
2026-04-04 11:30:48,1775302248,R_100,635.63,-1,0.19000000000005457,BACKFILL_AUTO
2026-04-04 11:30:50,1775302250,R_100,635.86,1,0.2300000000000182,BACKFILL_AUTO
2026-04-04 11:30:52,1775302252,R_100,635.55,-1,0.3100000000000591,BACKFILL_AUTO
2026-04-04 11:30:54,1775302254,R_100,635.52,-1,0.029999999999972715,BACKFILL_AUTO
2026-04-04 11:30:56,1775302256,R_100,635.47,-1,0.049999999999954525,BACKFILL_AUTO
2026-04-04 11:30:58,1775302258,R_100,635.62,1,0.14999999999997726,BACKFILL_AUTO
2026-04-04 11:31:00,1775302260,R_100,635.61,-1,0.009999999999990905,BACKFILL_AUTO
2026-04-04 11:31:02,1775302262,R_100,635.63,1,0.01999999999998181,BACKFILL_AUTO
2026-04-04 11:31:04,1775302264,R_100,635.64,1,0.009999999999990905,BACKFILL_AUTO
2026-04-04 11:31:06,1775302266,R_100,635.6,-1,0.03999999999996362,BACKFILL_AUTO
2026-04-04 11:31:08,1775302268,R_100,635.69,1,0.09000000000003183,BACKFILL_AUTO
2026-04-04 11:31:10,1775302270,R_100,635.7,1,0.009999999999990905,BACKFILL_AUTO
2026-04-04 11:31:12,1775302272,R_100,635.62,-1,0.08000000000004093,BACKFILL_AUTO
2026-04-04 11:31:14,1775302274,R_100,635.65,1,0.029999999999972715,BACKFILL_AUTO
2026-04-04 11:31:16,1775302276,R_100,635.94,1,0.2900000000000773,BACKFILL_AUTO
2026-04-04 11:31:18,1775302278,R_100,636.14,1,0.1999999999999318,BACKFILL_AUTO
2026-04-04 11:31:20,1775302280,R_100,636.23,1,0.09000000000003183,BACKFILL_AUTO
2026-04-04 11:31:22,1775302282,R_100,636.3,1,0.06999999999993634,BACKFILL_AUTO
2026-04-04 11:31:24,1775302284,R_100,636.39,1,0.09000000000003183,BACKFILL_AUTO
2026-04-04 11:31:26,1775302286,R_100,636.6,1,0.21000000000003638,BACKFILL_AUTO
2026-04-04 11:31:28,1775302288,R_100,636.43,-1,0.17000000000007276,BACKFILL_AUTO
2026-04-04 11:31:30,1775302290,R_100,636.54,1,0.11000000000001364,BACKFILL_AUTO
2026-04-04 11:31:32,1775302292,R_100,636.84,1,0.3000000000000682,BACKFILL_AUTO
2026-04-04 11:31:34,1775302294,R_100,637.09,1,0.25,BACKFILL_AUTO
2026-04-04 11:31:36,1775302296,R_100,637.19,1,0.10000000000002274,BACKFILL_AUTO
2026-04-04 11:31:38,1775302298,R_100,637.25,1,0.05999999999994543,BACKFILL_AUTO
2026-04-04 11:31:40,1775302300,R_100,637.27,1,0.01999999999998181,BACKFILL_AUTO
2026-04-04 11:31:42,1775302302,R_100,637.45,1,0.18000000000006366,BACKFILL_AUTO
2026-04-04 11:31:44,1775302304,R_100,637.78,1,0.32999999999992724,BACKFILL_AUTO
2026-04-04 11:31:46,1775302306,R_100,637.4,-1,0.37999999999999545,BACKFILL_AUTO
2026-04-04 11:31:48,1775302308,R_100,637.48,1,0.08000000000004093,BACKFILL_AUTO
2026-04-04 11:31:50,1775302310,R_100,638.0,1,0.5199999999999818,BACKFILL_AUTO
2026-04-04 11:31:52,1775302312,R_100,638.07,1,0.07000000000005002,BACKFILL_AUTO
2026-04-04 11:31:54,1775302314,R_100,638.19,1,0.12000000000000455,BACKFILL_AUTO
2026-04-04 11:31:56,1775302316,R_100,637.95,-1,0.2400000000000091,BACKFILL_AUTO
2026-04-04 11:31:58,1775302318,R_100,637.79,-1,0.16000000000008185,BACKFILL_AUTO
2026-04-04 11:32:00,1775302320,R_100,637.9,1,0.11000000000001364,BACKFILL_AUTO
2026-04-04 11:32:02,1775302322,R_100,638.19,1,0.2900000000000773,BACKFILL_AUTO
2026-04-04 11:32:04,1775302324,R_100,638.27,1,0.07999999999992724,BACKFILL_AUTO
2026-04-04 11:32:06,1775302326,R_100,638.32,1,0.05000000000006821,BACKFILL_AUTO
2026-04-04 11:32:08,1775302328,R_100,638.53,1,0.2099999999999227,BACKFILL_AUTO
2026-04-04 11:32:10,1775302330,R_100,638.42,-1,0.11000000000001364,BACKFILL_AUTO
2026-04-04 11:32:12,1775302332,R_100,638.19,-1,0.2299999999999045,BACKFILL_AUTO
2026-04-04 11:32:14,1775302334,R_100,638.13,-1,0.06000000000005912,BACKFILL_AUTO
2026-04-04 11:32:16,1775302336,R_100,638.24,1,0.11000000000001364,BACKFILL_AUTO
2026-04-04 11:32:18,1775302338,R_100,638.47,1,0.2300000000000182,BACKFILL_AUTO
2026-04-04 11:32:20,1775302340,R_100,638.61,1,0.13999999999998636,BACKFILL_AUTO
2026-04-04 11:32:22,1775302342,R_100,639.04,1,0.42999999999995,BACKFILL_AUTO
2026-04-04 11:32:24,1775302344,R_100,639.2,1,0.16000000000008185,BACKFILL_AUTO
2026-04-04 11:32:26,1775302346,R_100,639.39,1,0.18999999999994088,BACKFILL_AUTO
2026-04-04 11:32:28,1775302348,R_100,639.39,0,0.0,BACKFILL_AUTO
2026-04-04 11:32:30,1775302350,R_100,639.14,-1,0.25,BACKFILL_AUTO
2026-04-04 11:32:32,1775302352,R_100,639.22,1,0.08000000000004093,BACKFILL_AUTO
2026-04-04 11:32:34,1775302354,R_100,639.01,-1,0.21000000000003638,BACKFILL_AUTO
2026-04-04 11:32:36,1775302356,R_100,639.14,1,0.12999999999999545,BACKFILL_AUTO
2026-04-04 11:32:38,1775302358,R_100,639.0,-1,0.13999999999998636,BACKFILL_AUTO
2026-04-04 11:32:40,1775302360,R_100,638.94,-1,0.05999999999994543,BACKFILL_AUTO
2026-04-04 11:32:42,1775302362,R_100,639.01,1,0.06999999999993634,BACKFILL_AUTO
2026-04-04 11:32:44,1775302364,R_100,638.86,-1,0.14999999999997726,BACKFILL_AUTO
2026-04-04 11:32:46,1775302366,R_100,638.65,-1,0.21000000000003638,BACKFILL_AUTO
2026-04-04 11:32:48,1775302368,R_100,638.42,-1,0.2300000000000182,BACKFILL_AUTO
2026-04-04 11:32:50,1775302370,R_100,638.31,-1,0.11000000000001364,BACKFILL_AUTO
2026-04-04 11:32:52,1775302372,R_100,638.06,-1,0.25,BACKFILL_AUTO
2026-04-04 11:32:54,1775302374,R_100,637.8,-1,0.2599999999999909,BACKFILL_AUTO
2026-04-04 11:32:56,1775302376,R_100,637.81,1,0.009999999999990905,BACKFILL_AUTO
2026-04-04 11:32:58,1775302378,R_100,637.68,-1,0.12999999999999545,BACKFILL_AUTO
2026-04-04 11:33:00,1775302380,R_100,637.66,-1,0.01999999999998181,BACKFILL_AUTO
2026-04-04 11:33:02,1775302382,R_100,637.97,1,0.3100000000000591,BACKFILL_AUTO
2026-04-04 11:33:04,1775302384,R_100,637.86,-1,0.11000000000001364,BACKFILL_AUTO
2026-04-04 11:33:06,1775302386,R_100,637.86,0,0.0,BACKFILL_AUTO
2026-04-04 11:33:08,1775302388,R_100,637.58,-1,0.2799999999999727,BACKFILL_AUTO
2026-04-04 11:33:10,1775302390,R_100,637.35,-1,0.2300000000000182,BACKFILL_AUTO
2026-04-04 11:33:12,1775302392,R_100,637.5,1,0.14999999999997726,BACKFILL_AUTO
2026-04-04 11:33:14,1775302394,R_100,637.48,-1,0.01999999999998181,BACKFILL_AUTO
2026-04-04 11:33:16,1775302396,R_100,637.63,1,0.14999999999997726,BACKFILL_AUTO
2026-04-04 11:33:18,1775302398,R_100,637.42,-1,0.21000000000003638,BACKFILL_AUTO
2026-04-04 11:33:20,1775302400,R_100,637.59,1,0.17000000000007276,BACKFILL_AUTO
2026-04-04 11:33:22,1775302402,R_100,637.49,-1,0.10000000000002274,BACKFILL_AUTO
2026-04-04 11:33:24,1775302404,R_100,637.63,1,0.13999999999998636,BACKFILL_AUTO
2026-04-04 11:33:26,1775302406,R_100,637.46,-1,0.16999999999995907,BACKFILL_AUTO
2026-04-04 11:33:28,1775302408,R_100,637.58,1,0.12000000000000455,BACKFILL_AUTO
2026-04-04 11:33:30,1775302410,R_100,637.61,1,0.029999999999972715,BACKFILL_AUTO
2026-04-04 11:33:32,1775302412,R_100,637.7,1,0.09000000000003183,BACKFILL_AUTO
2026-04-04 11:33:34,1775302414,R_100,637.86,1,0.15999999999996817,BACKFILL_AUTO
2026-04-04 11:33:36,1775302416,R_100,637.98,1,0.12000000000000455,BACKFILL_AUTO
2026-04-04 11:33:38,1775302418,R_100,638.12,1,0.13999999999998636,BACKFILL_AUTO
2026-04-04 11:33:40,1775302420,R_100,638.25,1,0.12999999999999545,BACKFILL_AUTO
2026-04-04 11:33:42,1775302422,R_100,637.98,-1,0.2699999999999818,BACKFILL_AUTO
2026-04-04 11:33:44,1775302424,R_100,637.95,-1,0.029999999999972715,BACKFILL_AUTO
2026-04-04 11:33:46,1775302426,R_100,638.02,1,0.06999999999993634,BACKFILL_AUTO
2026-04-04 11:33:48,1775302428,R_100,638.38,1,0.36000000000001364,BACKFILL_AUTO
2026-04-04 11:33:50,1775302430,R_100,638.63,1,0.25,BACKFILL_AUTO
2026-04-04 11:33:52,1775302432,R_100,638.72,1,0.09000000000003183,BACKFILL_AUTO
2026-04-04 11:33:54,1775302434,R_100,638.73,1,0.009999999999990905,BACKFILL_AUTO
2026-04-04 11:33:56,1775302436,R_100,638.78,1,0.049999999999954525,BACKFILL_AUTO
2026-04-04 11:33:58,1775302438,R_100,638.99,1,0.21000000000003638,BACKFILL_AUTO
2026-04-04 11:34:00,1775302440,R_100,638.84,-1,0.14999999999997726,BACKFILL_AUTO
2026-04-04 11:34:02,1775302442,R_100,639.08,1,0.2400000000000091,BACKFILL_AUTO
2026-04-04 11:34:04,1775302444,R_100,638.9,-1,0.18000000000006366,BACKFILL_AUTO
2026-04-04 11:34:06,1775302446,R_100,638.85,-1,0.049999999999954525,BACKFILL_AUTO
2026-04-04 11:34:08,1775302448,R_100,638.81,-1,0.04000000000007731,BACKFILL_AUTO
2026-04-04 11:34:10,1775302450,R_100,638.46,-1,0.34999999999990905,BACKFILL_AUTO
2026-04-04 11:34:12,1775302452,R_100,638.52,1,0.05999999999994543,BACKFILL_AUTO
2026-04-04 11:34:14,1775302454,R_100,638.58,1,0.06000000000005912,BACKFILL_AUTO
2026-04-04 11:34:16,1775302456,R_100,638.49,-1,0.09000000000003183,BACKFILL_AUTO
2026-04-04 11:34:18,1775302458,R_100,638.6,1,0.11000000000001364,BACKFILL_AUTO
2026-04-04 11:34:20,1775302460,R_100,638.55,-1,0.05000000000006821,BACKFILL_AUTO
2026-04-04 11:34:22,1775302462,R_100,638.58,1,0.030000000000086402,BACKFILL_AUTO
2026-04-04 11:34:24,1775302464,R_100,638.4,-1,0.18000000000006366,BACKFILL_AUTO
2026-04-04 11:34:26,1775302466,R_100,638.68,1,0.2799999999999727,BACKFILL_AUTO
2026-04-04 11:34:28,1775302468,R_100,638.85,1,0.17000000000007276,BACKFILL_AUTO
2026-04-04 11:34:30,1775302470,R_100,638.61,-1,0.2400000000000091,BACKFILL_AUTO
2026-04-04 11:34:32,1775302472,R_100,638.54,-1,0.07000000000005002,BACKFILL_AUTO
2026-04-04 11:34:34,1775302474,R_100,638.55,1,0.009999999999990905,BACKFILL_AUTO
2026-04-04 11:34:36,1775302476,R_100,638.58,1,0.030000000000086402,BACKFILL_AUTO
2026-04-04 11:34:38,1775302478,R_100,638.6,1,0.01999999999998181,BACKFILL_AUTO
2026-04-04 11:34:40,1775302480,R_100,638.81,1,0.2099999999999227,BACKFILL_AUTO
2026-04-04 11:34:42,1775302482,R_100,639.02,1,0.21000000000003638,BACKFILL_AUTO
2026-04-04 11:34:44,1775302484,R_100,639.28,1,0.2599999999999909,BACKFILL_AUTO
2026-04-04 11:34:46,1775302486,R_100,639.04,-1,0.2400000000000091,BACKFILL_AUTO
2026-04-04 11:34:48,1775302488,R_100,638.98,-1,0.05999999999994543,BACKFILL_AUTO
2026-04-04 11:34:50,1775302490,R_100,638.92,-1,0.06000000000005912,BACKFILL_AUTO
2026-04-04 11:34:52,1775302492,R_100,639.31,1,0.38999999999998636,BACKFILL_AUTO
2026-04-04 11:34:54,1775302494,R_100,639.38,1,0.07000000000005002,BACKFILL_AUTO
2026-04-04 11:34:56,1775302496,R_100,639.42,1,0.03999999999996362,BACKFILL_AUTO
2026-04-04 11:34:58,1775302498,R_100,639.34,-1,0.07999999999992724,BACKFILL_AUTO
2026-04-04 11:35:00,1775302500,R_100,639.22,-1,0.12000000000000455,BACKFILL_AUTO
2026-04-04 11:35:02,1775302502,R_100,638.98,-1,0.2400000000000091,BACKFILL_AUTO
2026-04-04 11:35:04,1775302504,R_100,638.59,-1,0.38999999999998636,BACKFILL_AUTO
2026-04-04 11:35:06,1775302506,R_100,638.65,1,0.05999999999994543,BACKFILL_AUTO
2026-04-04 11:35:08,1775302508,R_100,638.75,1,0.10000000000002274,BACKFILL_AUTO
2026-04-04 11:35:10,1775302510,R_100,638.8,1,0.049999999999954525,BACKFILL_AUTO
2026-04-04 11:35:12,1775302512,R_100,638.78,-1,0.01999999999998181,BACKFILL_AUTO
2026-04-04 11:35:14,1775302514,R_100,638.62,-1,0.15999999999996817,BACKFILL_AUTO
2026-04-04 11:35:16,1775302516,R_100,638.74,1,0.12000000000000455,BACKFILL_AUTO
2026-04-04 11:35:18,1775302518,R_100,638.99,1,0.25,BACKFILL_AUTO
2026-04-04 11:35:20,1775302520,R_100,638.88,-1,0.11000000000001364,BACKFILL_AUTO
2026-04-04 11:35:22,1775302522,R_100,638.86,-1,0.01999999999998181,BACKFILL_AUTO
2026-04-04 11:35:24,1775302524,R_100,639.11,1,0.25,BACKFILL_AUTO
2026-04-04 11:35:26,1775302526,R_100,638.96,-1,0.14999999999997726,BACKFILL_AUTO
2026-04-04 11:35:28,1775302528,R_100,638.95,-1,0.009999999999990905,BACKFILL_AUTO
2026-04-04 11:35:30,1775302530,R_100,638.82,-1,0.12999999999999545,BACKFILL_AUTO
2026-04-04 11:35:32,1775302532,R_100,638.88,1,0.05999999999994543,BACKFILL_AUTO
2026-04-04 11:35:34,1775302534,R_100,639.0,1,0.12000000000000455,BACKFILL_AUTO
2026-04-04 11:35:36,1775302536,R_100,638.75,-1,0.25,BACKFILL_AUTO
2026-04-04 11:35:38,1775302538,R_100,638.79,1,0.03999999999996362,BACKFILL_AUTO
2026-04-04 11:35:40,1775302540,R_100,638.84,1,0.05000000000006821,BACKFILL_AUTO
2026-04-04 11:35:42,1775302542,R_100,638.97,1,0.12999999999999545,BACKFILL_AUTO
2026-04-04 11:35:44,1775302544,R_100,638.89,-1,0.08000000000004093,BACKFILL_AUTO
2026-04-04 11:35:46,1775302546,R_100,638.71,-1,0.17999999999994998,BACKFILL_AUTO
2026-04-04 11:35:48,1775302548,R_100,638.7,-1,0.009999999999990905,BACKFILL_AUTO
2026-04-04 11:35:50,1775302550,R_100,638.55,-1,0.15000000000009095,BACKFILL_AUTO
2026-04-04 11:35:52,1775302552,R_100,638.25,-1,0.2999999999999545,BACKFILL_AUTO
2026-04-04 11:35:54,1775302554,R_100,638.38,1,0.12999999999999545,BACKFILL_AUTO
2026-04-04 11:35:56,1775302556,R_100,638.35,-1,0.029999999999972715,BACKFILL_AUTO
2026-04-04 11:35:58,1775302558,R_100,638.26,-1,0.09000000000003183,BACKFILL_AUTO
2026-04-04 11:36:00,1775302560,R_100,638.09,-1,0.16999999999995907,BACKFILL_AUTO
2026-04-04 11:36:02,1775302562,R_100,638.55,1,0.4599999999999227,BACKFILL_AUTO
2026-04-04 11:36:04,1775302564,R_100,638.45,-1,0.09999999999990905,BACKFILL_AUTO
2026-04-04 11:36:06,1775302566,R_100,638.57,1,0.12000000000000455,BACKFILL_AUTO
2026-04-04 11:36:08,1775302568,R_100,638.62,1,0.049999999999954525,BACKFILL_AUTO
2026-04-04 11:36:10,1775302570,R_100,638.79,1,0.16999999999995907,BACKFILL_AUTO
2026-04-04 11:36:12,1775302572,R_100,638.95,1,0.16000000000008185,BACKFILL_AUTO
2026-04-04 11:36:14,1775302574,R_100,638.85,-1,0.10000000000002274,BACKFILL_AUTO
2026-04-04 11:36:16,1775302576,R_100,638.84,-1,0.009999999999990905,BACKFILL_AUTO
2026-04-04 11:36:18,1775302578,R_100,638.82,-1,0.01999999999998181,BACKFILL_AUTO
2026-04-04 11:36:20,1775302580,R_100,638.86,1,0.03999999999996362,BACKFILL_AUTO
2026-04-04 11:36:22,1775302582,R_100,638.87,1,0.009999999999990905,BACKFILL_AUTO
2026-04-04 11:36:24,1775302584,R_100,638.82,-1,0.049999999999954525,BACKFILL_AUTO
2026-04-04 11:36:26,1775302586,R_100,638.87,1,0.049999999999954525,BACKFILL_AUTO
2026-04-04 11:36:28,1775302588,R_100,638.92,1,0.049999999999954525,BACKFILL_AUTO
2026-04-04 11:36:30,1775302590,R_100,638.99,1,0.07000000000005002,BACKFILL_AUTO
2026-04-04 11:36:32,1775302592,R_100,638.85,-1,0.13999999999998636,BACKFILL_AUTO
2026-04-04 11:36:34,1775302594,R_100,639.08,1,0.2300000000000182,BACKFILL_AUTO
2026-04-04 11:36:36,1775302596,R_100,638.86,-1,0.22000000000002728,BACKFILL_AUTO
2026-04-04 11:36:38,1775302598,R_100,639.18,1,0.31999999999993634,BACKFILL_AUTO
2026-04-04 11:36:40,1775302600,R_100,638.82,-1,0.35999999999989996,BACKFILL_AUTO
2026-04-04 11:36:42,1775302602,R_100,639.01,1,0.18999999999994088,BACKFILL_AUTO
2026-04-04 11:36:44,1775302604,R_100,639.32,1,0.3100000000000591,BACKFILL_AUTO
2026-04-04 11:36:46,1775302606,R_100,639.51,1,0.18999999999994088,BACKFILL_AUTO
2026-04-04 11:36:48,1775302608,R_100,639.42,-1,0.09000000000003183,BACKFILL_AUTO
2026-04-04 11:36:50,1775302610,R_100,639.3,-1,0.12000000000000455,BACKFILL_AUTO
2026-04-04 11:36:52,1775302612,R_100,639.34,1,0.04000000000007731,BACKFILL_AUTO
2026-04-04 11:36:54,1775302614,R_100,639.15,-1,0.19000000000005457,BACKFILL_AUTO
2026-04-04 11:36:56,1775302616,R_100,639.25,1,0.10000000000002274,BACKFILL_AUTO
2026-04-04 11:36:58,1775302618,R_100,639.24,-1,0.009999999999990905,BACKFILL_AUTO
2026-04-04 11:37:00,1775302620,R_100,639.29,1,0.049999999999954525,BACKFILL_AUTO
2026-04-04 11:37:02,1775302622,R_100,639.21,-1,0.07999999999992724,BACKFILL_AUTO
2026-04-04 11:37:04,1775302624,R_100,639.07,-1,0.13999999999998636,BACKFILL_AUTO
2026-04-04 11:37:06,1775302626,R_100,638.8,-1,0.2700000000000955,BACKFILL_AUTO
2026-04-04 11:37:08,1775302628,R_100,638.83,1,0.030000000000086402,BACKFILL_AUTO
2026-04-04 11:37:10,1775302630,R_100,639.13,1,0.2999999999999545,BACKFILL_AUTO
2026-04-04 11:37:12,1775302632,R_100,639.16,1,0.029999999999972715,BACKFILL_AUTO
2026-04-04 11:37:14,1775302634,R_100,639.03,-1,0.12999999999999545,BACKFILL_AUTO
2026-04-04 11:37:16,1775302636,R_100,639.19,1,0.16000000000008185,BACKFILL_AUTO
2026-04-04 11:37:18,1775302638,R_100,639.02,-1,0.17000000000007276,BACKFILL_AUTO
2026-04-04 11:37:20,1775302640,R_100,638.84,-1,0.17999999999994998,BACKFILL_AUTO
2026-04-04 11:37:22,1775302642,R_100,638.87,1,0.029999999999972715,BACKFILL_AUTO
2026-04-04 11:37:24,1775302644,R_100,638.9,1,0.029999999999972715,BACKFILL_AUTO
2026-04-04 11:37:26,1775302646,R_100,638.99,1,0.09000000000003183,BACKFILL_AUTO
2026-04-04 11:37:28,1775302648,R_100,638.7,-1,0.2899999999999636,BACKFILL_AUTO
2026-04-04 11:37:30,1775302650,R_100,638.76,1,0.05999999999994543,BACKFILL_AUTO
2026-04-04 11:37:32,1775302652,R_100,638.76,0,0.0,BACKFILL_AUTO
2026-04-04 11:37:34,1775302654,R_100,638.71,-1,0.049999999999954525,BACKFILL_AUTO
2026-04-04 11:37:36,1775302656,R_100,638.81,1,0.09999999999990905,BACKFILL_AUTO
2026-04-04 11:37:38,1775302658,R_100,638.73,-1,0.07999999999992724,BACKFILL_AUTO
2026-04-04 11:37:40,1775302660,R_100,638.88,1,0.14999999999997726,BACKFILL_AUTO
2026-04-04 11:37:42,1775302662,R_100,638.77,-1,0.11000000000001364,BACKFILL_AUTO
2026-04-04 11:37:44,1775302664,R_100,638.95,1,0.18000000000006366,BACKFILL_AUTO
2026-04-04 11:37:46,1775302666,R_100,639.03,1,0.07999999999992724,BACKFILL_AUTO
2026-04-04 11:37:48,1775302668,R_100,639.06,1,0.029999999999972715,BACKFILL_AUTO
2026-04-04 11:37:50,1775302670,R_100,638.89,-1,0.16999999999995907,BACKFILL_AUTO
2026-04-04 11:37:52,1775302672,R_100,638.96,1,0.07000000000005002,BACKFILL_AUTO
2026-04-04 11:37:54,1775302674,R_100,639.03,1,0.06999999999993634,BACKFILL_AUTO
2026-04-04 11:37:56,1775302676,R_100,638.83,-1,0.1999999999999318,BACKFILL_AUTO
2026-04-04 11:37:58,1775302678,R_100,638.63,-1,0.20000000000004547,BACKFILL_AUTO
2026-04-04 11:38:00,1775302680,R_100,638.93,1,0.2999999999999545,BACKFILL_AUTO
2026-04-04 11:38:02,1775302682,R_100,638.96,1,0.030000000000086402,BACKFILL_AUTO
2026-04-04 11:38:04,1775302684,R_100,638.87,-1,0.09000000000003183,BACKFILL_AUTO
2026-04-04 11:38:06,1775302686,R_100,638.91,1,0.03999999999996362,BACKFILL_AUTO
2026-04-04 11:38:08,1775302688,R_100,638.84,-1,0.06999999999993634,BACKFILL_AUTO
2026-04-04 11:38:10,1775302690,R_100,638.69,-1,0.14999999999997726,BACKFILL_AUTO
2026-04-04 11:38:12,1775302692,R_100,638.9,1,0.2099999999999227,BACKFILL_AUTO
2026-04-04 11:38:14,1775302694,R_100,638.9,0,0.0,BACKFILL_AUTO
2026-04-04 11:38:16,1775302696,R_100,638.87,-1,0.029999999999972715,BACKFILL_AUTO
2026-04-04 11:38:18,1775302698,R_100,638.88,1,0.009999999999990905,BACKFILL_AUTO
2026-04-04 11:38:20,1775302700,R_100,639.03,1,0.14999999999997726,BACKFILL_AUTO
2026-04-04 11:38:22,1775302702,R_100,639.12,1,0.09000000000003183,BACKFILL_AUTO
2026-04-04 11:38:24,1775302704,R_100,639.04,-1,0.08000000000004093,BACKFILL_AUTO
2026-04-04 11:38:26,1775302706,R_100,639.2,1,0.16000000000008185,BACKFILL_AUTO
2026-04-04 11:38:28,1775302708,R_100,639.04,-1,0.16000000000008185,BACKFILL_AUTO
2026-04-04 11:38:30,1775302710,R_100,639.05,1,0.009999999999990905,BACKFILL_AUTO
2026-04-04 11:38:32,1775302712,R_100,639.04,-1,0.009999999999990905,BACKFILL_AUTO
2026-04-04 11:38:34,1775302714,R_100,639.12,1,0.08000000000004093,BACKFILL_AUTO
2026-04-04 11:38:36,1775302716,R_100,639.01,-1,0.11000000000001364,BACKFILL_AUTO
2026-04-04 11:38:38,1775302718,R_100,639.15,1,0.13999999999998636,BACKFILL_AUTO
2026-04-04 11:38:40,1775302720,R_100,639.09,-1,0.05999999999994543,BACKFILL_AUTO
2026-04-04 11:38:42,1775302722,R_100,638.99,-1,0.10000000000002274,BACKFILL_AUTO
2026-04-04 11:38:44,1775302724,R_100,639.16,1,0.16999999999995907,BACKFILL_AUTO
2026-04-04 11:38:46,1775302726,R_100,639.26,1,0.10000000000002274,BACKFILL_AUTO
2026-04-04 11:38:48,1775302728,R_100,639.18,-1,0.08000000000004093,BACKFILL_AUTO
2026-04-04 11:38:50,1775302730,R_100,639.18,0,0.0,BACKFILL_AUTO
2026-04-04 11:38:52,1775302732,R_100,639.06,-1,0.12000000000000455,BACKFILL_AUTO
2026-04-04 11:38:54,1775302734,R_100,639.13,1,0.07000000000005002,BACKFILL_AUTO
2026-04-04 11:38:56,1775302736,R_100,639.21,1,0.08000000000004093,BACKFILL_AUTO
2026-04-04 11:38:58,1775302738,R_100,639.16,-1,0.05000000000006821,BACKFILL_AUTO
2026-04-04 11:39:00,1775302740,R_100,639.09,-1,0.06999999999993634,BACKFILL_AUTO
2026-04-04 11:39:02,1775302742,R_100,639.31,1,0.2199999999999136,BACKFILL_AUTO
2026-04-04 11:39:04,1775302744,R_100,639.33,1,0.020000000000095497,BACKFILL_AUTO
2026-04-04 11:39:06,1775302746,R_100,639.25,-1,0.08000000000004093,BACKFILL_AUTO
2026-04-04 11:39:08,1775302748,R_100,639.15,-1,0.10000000000002274,BACKFILL_AUTO
2026-04-04 11:39:10,1775302750,R_100,639.09,-1,0.05999999999994543,BACKFILL_AUTO
2026-04-04 11:39:12,1775302752,R_100,639.14,1,0.049999999999954525,BACKFILL_AUTO
2026-04-04 11:39:14,1775302754,R_100,639.21,1,0.07000000000005002,BACKFILL_AUTO
2026-04-04 11:39:16,1775302756,R_100,639.37,1,0.15999999999996817,BACKFILL_AUTO
2026-04-04 11:39:18,1775302758,R_100,639.43,1,0.05999999999994543,BACKFILL_AUTO
2026-04-04 11:39:20,1775302760,R_100,639.59,1,0.16000000000008185,BACKFILL_AUTO
2026-04-04 11:39:22,1775302762,R_100,639.75,1,0.15999999999996817,BACKFILL_AUTO
2026-04-04 11:39:24,1775302764,R_100,639.66,-1,0.09000000000003183,BACKFILL_AUTO
2026-04-04 11:39:26,1775302766,R_100,639.95,1,0.2900000000000773,BACKFILL_AUTO
2026-04-04 11:39:28,1775302768,R_100,640.0,1,0.049999999999954525,BACKFILL_AUTO
2026-04-04 11:39:30,1775302770,R_100,640.15,1,0.14999999999997726,BACKFILL_AUTO
2026-04-04 11:39:32,1775302772,R_100,639.82,-1,0.32999999999992724,BACKFILL_AUTO
2026-04-04 11:39:34,1775302774,R_100,639.8,-1,0.020000000000095497,BACKFILL_AUTO
2026-04-04 11:39:36,1775302776,R_100,639.96,1,0.16000000000008185,BACKFILL_AUTO
2026-04-04 11:39:38,1775302778,R_100,640.2,1,0.2400000000000091,BACKFILL_AUTO
2026-04-04 11:39:40,1775302780,R_100,640.37,1,0.16999999999995907,BACKFILL_AUTO
2026-04-04 11:39:42,1775302782,R_100,640.44,1,0.07000000000005002,BACKFILL_AUTO
2026-04-04 11:39:44,1775302784,R_100,640.24,-1,0.20000000000004547,BACKFILL_AUTO
2026-04-04 11:39:46,1775302786,R_100,640.24,0,0.0,BACKFILL_AUTO
2026-04-04 11:39:48,1775302788,R_100,640.48,1,0.2400000000000091,BACKFILL_AUTO
2026-04-04 11:39:50,1775302790,R_100,640.29,-1,0.19000000000005457,BACKFILL_AUTO
2026-04-04 11:39:52,1775302792,R_100,640.28,-1,0.009999999999990905,BACKFILL_AUTO
2026-04-04 11:39:54,1775302794,R_100,640.37,1,0.09000000000003183,BACKFILL_AUTO
2026-04-04 11:39:56,1775302796,R_100,640.4,1,0.029999999999972715,BACKFILL_AUTO
2026-04-04 11:39:58,1775302798,R_100,640.45,1,0.05000000000006821,BACKFILL_AUTO
2026-04-04 11:40:00,1775302800,R_100,640.47,1,0.01999999999998181,BACKFILL_AUTO
2026-04-04 11:40:02,1775302802,R_100,640.08,-1,0.38999999999998636,BACKFILL_AUTO
2026-04-04 11:40:04,1775302804,R_100,640.13,1,0.049999999999954525,BACKFILL_AUTO
2026-04-04 11:40:06,1775302806,R_100,639.99,-1,0.13999999999998636,BACKFILL_AUTO
2026-04-04 11:40:08,1775302808,R_100,640.12,1,0.12999999999999545,BACKFILL_AUTO
2026-04-04 11:40:10,1775302810,R_100,640.32,1,0.20000000000004547,BACKFILL_AUTO
2026-04-04 11:40:12,1775302812,R_100,640.1,-1,0.22000000000002728,BACKFILL_AUTO
2026-04-04 11:40:14,1775302814,R_100,640.24,1,0.13999999999998636,BACKFILL_AUTO
2026-04-04 11:40:16,1775302816,R_100,640.25,1,0.009999999999990905,BACKFILL_AUTO
2026-04-04 11:40:18,1775302818,R_100,640.03,-1,0.22000000000002728,BACKFILL_AUTO
2026-04-04 11:40:20,1775302820,R_100,640.08,1,0.05000000000006821,BACKFILL_AUTO
2026-04-04 11:40:22,1775302822,R_100,640.0,-1,0.08000000000004093,BACKFILL_AUTO
2026-04-04 11:40:24,1775302824,R_100,639.91,-1,0.09000000000003183,BACKFILL_AUTO
2026-04-04 11:40:26,1775302826,R_100,640.09,1,0.18000000000006366,BACKFILL_AUTO
2026-04-04 11:40:28,1775302828,R_100,640.11,1,0.01999999999998181,BACKFILL_AUTO
2026-04-04 11:40:30,1775302830,R_100,640.14,1,0.029999999999972715,BACKFILL_AUTO
2026-04-04 11:40:32,1775302832,R_100,640.11,-1,0.029999999999972715,BACKFILL_AUTO
2026-04-04 11:40:34,1775302834,R_100,640.1,-1,0.009999999999990905,BACKFILL_AUTO
2026-04-04 11:40:36,1775302836,R_100,640.36,1,0.2599999999999909,BACKFILL_AUTO
2026-04-04 11:40:38,1775302838,R_100,640.43,1,0.06999999999993634,BACKFILL_AUTO
2026-04-04 11:40:40,1775302840,R_100,640.58,1,0.15000000000009095,BACKFILL_AUTO
2026-04-04 11:40:42,1775302842,R_100,640.78,1,0.1999999999999318,BACKFILL_AUTO
2026-04-04 11:40:44,1775302844,R_100,640.89,1,0.11000000000001364,BACKFILL_AUTO
2026-04-04 11:40:46,1775302846,R_100,640.9,1,0.009999999999990905,BACKFILL_AUTO
2026-04-04 11:40:48,1775302848,R_100,640.77,-1,0.12999999999999545,BACKFILL_AUTO
2026-04-04 11:40:50,1775302850,R_100,640.87,1,0.10000000000002274,BACKFILL_AUTO
2026-04-04 11:40:52,1775302852,R_100,640.76,-1,0.11000000000001364,BACKFILL_AUTO
2026-04-04 11:40:54,1775302854,R_100,640.99,1,0.2300000000000182,BACKFILL_AUTO
2026-04-04 11:40:56,1775302856,R_100,641.24,1,0.25,BACKFILL_AUTO
2026-04-04 11:40:58,1775302858,R_100,641.23,-1,0.009999999999990905,BACKFILL_AUTO
2026-04-04 11:41:00,1775302860,R_100,641.14,-1,0.09000000000003183,BACKFILL_AUTO
2026-04-04 11:41:02,1775302862,R_100,640.79,-1,0.35000000000002274,BACKFILL_AUTO
2026-04-04 11:41:04,1775302864,R_100,640.88,1,0.09000000000003183,BACKFILL_AUTO
2026-04-04 11:41:06,1775302866,R_100,640.8,-1,0.08000000000004093,BACKFILL_AUTO
2026-04-04 11:41:08,1775302868,R_100,640.68,-1,0.12000000000000455,BACKFILL_AUTO
2026-04-04 11:41:10,1775302870,R_100,640.65,-1,0.029999999999972715,BACKFILL_AUTO
2026-04-04 11:41:12,1775302872,R_100,640.53,-1,0.12000000000000455,BACKFILL_AUTO
2026-04-04 11:41:14,1775302874,R_100,640.38,-1,0.14999999999997726,BACKFILL_AUTO
2026-04-04 11:41:16,1775302876,R_100,640.48,1,0.10000000000002274,BACKFILL_AUTO
2026-04-04 11:41:18,1775302878,R_100,640.34,-1,0.13999999999998636,BACKFILL_AUTO
2026-04-04 11:41:20,1775302880,R_100,640.39,1,0.049999999999954525,BACKFILL_AUTO
2026-04-04 11:41:22,1775302882,R_100,640.35,-1,0.03999999999996362,BACKFILL_AUTO
2026-04-04 11:41:24,1775302884,R_100,640.31,-1,0.04000000000007731,BACKFILL_AUTO
2026-04-04 11:41:26,1775302886,R_100,640.28,-1,0.029999999999972715,BACKFILL_AUTO
2026-04-04 11:41:28,1775302888,R_100,640.19,-1,0.08999999999991815,BACKFILL_AUTO
2026-04-04 11:41:30,1775302890,R_100,640.02,-1,0.17000000000007276,BACKFILL_AUTO
2026-04-04 11:41:32,1775302892,R_100,640.04,1,0.01999999999998181,BACKFILL_AUTO
2026-04-04 11:41:34,1775302894,R_100,639.9,-1,0.13999999999998636,BACKFILL_AUTO
2026-04-04 11:41:36,1775302896,R_100,639.72,-1,0.17999999999994998,BACKFILL_AUTO
2026-04-04 11:41:38,1775302898,R_100,639.74,1,0.01999999999998181,BACKFILL_AUTO
2026-04-04 11:41:40,1775302900,R_100,639.65,-1,0.09000000000003183,BACKFILL_AUTO
2026-04-04 11:41:42,1775302902,R_100,639.43,-1,0.22000000000002728,BACKFILL_AUTO
2026-04-04 11:41:44,1775302904,R_100,639.33,-1,0.09999999999990905,BACKFILL_AUTO
2026-04-04 11:41:46,1775302906,R_100,639.49,1,0.15999999999996817,BACKFILL_AUTO
2026-04-04 11:41:48,1775302908,R_100,639.85,1,0.36000000000001364,BACKFILL_AUTO
2026-04-04 11:41:50,1775302910,R_100,639.74,-1,0.11000000000001364,BACKFILL_AUTO
2026-04-04 11:41:52,1775302912,R_100,639.64,-1,0.10000000000002274,BACKFILL_AUTO
2026-04-04 11:41:54,1775302914,R_100,639.64,0,0.0,BACKFILL_AUTO
2026-04-04 11:41:56,1775302916,R_100,639.87,1,0.2300000000000182,BACKFILL_AUTO
2026-04-04 11:41:58,1775302918,R_100,640.07,1,0.20000000000004547,BACKFILL_AUTO
2026-04-04 11:42:00,1775302920,R_100,640.01,-1,0.06000000000005912,BACKFILL_AUTO
2026-04-04 11:42:02,1775302922,R_100,639.98,-1,0.029999999999972715,BACKFILL_AUTO
2026-04-04 11:42:04,1775302924,R_100,640.15,1,0.16999999999995907,BACKFILL_AUTO
2026-04-04 11:42:06,1775302926,R_100,639.94,-1,0.2099999999999227,BACKFILL_AUTO
2026-04-04 11:42:08,1775302928,R_100,640.0,1,0.05999999999994543,BACKFILL_AUTO
2026-04-04 11:42:10,1775302930,R_100,639.8,-1,0.20000000000004547,BACKFILL_AUTO
2026-04-04 11:42:12,1775302932,R_100,639.58,-1,0.2199999999999136,BACKFILL_AUTO
2026-04-04 11:42:14,1775302934,R_100,639.65,1,0.06999999999993634,BACKFILL_AUTO
2026-04-04 11:42:16,1775302936,R_100,639.42,-1,0.2300000000000182,BACKFILL_AUTO
2026-04-04 11:42:18,1775302938,R_100,639.48,1,0.06000000000005912,BACKFILL_AUTO
2026-04-04 11:42:20,1775302940,R_100,639.77,1,0.2899999999999636,BACKFILL_AUTO
2026-04-04 11:42:22,1775302942,R_100,639.69,-1,0.07999999999992724,BACKFILL_AUTO
2026-04-04 11:42:24,1775302944,R_100,639.64,-1,0.05000000000006821,BACKFILL_AUTO
2026-04-04 11:42:26,1775302946,R_100,639.44,-1,0.1999999999999318,BACKFILL_AUTO
2026-04-04 11:42:28,1775302948,R_100,639.32,-1,0.12000000000000455,BACKFILL_AUTO
2026-04-04 11:42:30,1775302950,R_100,639.2,-1,0.12000000000000455,BACKFILL_AUTO
2026-04-04 11:42:32,1775302952,R_100,639.06,-1,0.14000000000010004,BACKFILL_AUTO
2026-04-04 11:42:34,1775302954,R_100,638.96,-1,0.09999999999990905,BACKFILL_AUTO
2026-04-04 11:42:36,1775302956,R_100,638.98,1,0.01999999999998181,BACKFILL_AUTO
2026-04-04 11:42:38,1775302958,R_100,639.23,1,0.25,BACKFILL_AUTO
2026-04-04 11:42:40,1775302960,R_100,639.25,1,0.01999999999998181,BACKFILL_AUTO
2026-04-04 11:42:42,1775302962,R_100,639.33,1,0.08000000000004093,BACKFILL_AUTO
2026-04-04 11:42:44,1775302964,R_100,639.24,-1,0.09000000000003183,BACKFILL_AUTO
2026-04-04 11:42:46,1775302966,R_100,639.11,-1,0.12999999999999545,BACKFILL_AUTO
2026-04-04 11:42:48,1775302968,R_100,638.92,-1,0.19000000000005457,BACKFILL_AUTO
2026-04-04 11:42:50,1775302970,R_100,638.97,1,0.05000000000006821,BACKFILL_AUTO
2026-04-04 11:42:52,1775302972,R_100,639.21,1,0.2400000000000091,BACKFILL_AUTO
2026-04-04 11:42:54,1775302974,R_100,639.24,1,0.029999999999972715,BACKFILL_AUTO
2026-04-04 11:42:56,1775302976,R_100,639.06,-1,0.18000000000006366,BACKFILL_AUTO
2026-04-04 11:42:58,1775302978,R_100,638.94,-1,0.11999999999989086,BACKFILL_AUTO
2026-04-04 11:43:00,1775302980,R_100,638.84,-1,0.10000000000002274,BACKFILL_AUTO
2026-04-04 11:43:02,1775302982,R_100,638.72,-1,0.12000000000000455,BACKFILL_AUTO
2026-04-04 11:43:04,1775302984,R_100,638.66,-1,0.06000000000005912,BACKFILL_AUTO
2026-04-04 11:43:06,1775302986,R_100,638.78,1,0.12000000000000455,BACKFILL_AUTO
2026-04-04 11:43:08,1775302988,R_100,638.87,1,0.09000000000003183,BACKFILL_AUTO
2026-04-04 11:43:10,1775302990,R_100,639.0,1,0.12999999999999545,BACKFILL_AUTO
2026-04-04 11:43:12,1775302992,R_100,639.0,0,0.0,BACKFILL_AUTO
2026-04-04 11:43:14,1775302994,R_100,638.89,-1,0.11000000000001364,BACKFILL_AUTO
2026-04-04 11:43:16,1775302996,R_100,639.0,1,0.11000000000001364,BACKFILL_AUTO
2026-04-04 11:43:18,1775302998,R_100,639.09,1,0.09000000000003183,BACKFILL_AUTO
2026-04-04 11:43:20,1775303000,R_100,639.16,1,0.06999999999993634,BACKFILL_AUTO
2026-04-04 11:43:22,1775303002,R_100,639.17,1,0.009999999999990905,BACKFILL_AUTO
2026-04-04 11:43:24,1775303004,R_100,638.71,-1,0.4599999999999227,BACKFILL_AUTO
2026-04-04 11:43:26,1775303006,R_100,638.61,-1,0.10000000000002274,BACKFILL_AUTO
2026-04-04 11:43:28,1775303008,R_100,638.36,-1,0.25,BACKFILL_AUTO
2026-04-04 11:43:30,1775303010,R_100,638.34,-1,0.01999999999998181,BACKFILL_AUTO
2026-04-04 11:43:32,1775303012,R_100,638.34,0,0.0,BACKFILL_AUTO
2026-04-04 11:43:34,1775303014,R_100,638.28,-1,0.06000000000005912,BACKFILL_AUTO
2026-04-04 11:43:36,1775303016,R_100,638.23,-1,0.049999999999954525,BACKFILL_AUTO
2026-04-04 11:43:38,1775303018,R_100,638.09,-1,0.13999999999998636,BACKFILL_AUTO
2026-04-04 11:43:40,1775303020,R_100,638.16,1,0.06999999999993634,BACKFILL_AUTO
2026-04-04 11:43:42,1775303022,R_100,637.97,-1,0.18999999999994088,BACKFILL_AUTO
2026-04-04 11:43:44,1775303024,R_100,637.86,-1,0.11000000000001364,BACKFILL_AUTO
2026-04-04 11:43:46,1775303026,R_100,637.7,-1,0.15999999999996817,BACKFILL_AUTO
2026-04-04 11:43:48,1775303028,R_100,637.59,-1,0.11000000000001364,BACKFILL_AUTO
2026-04-04 11:43:50,1775303030,R_100,637.82,1,0.2300000000000182,BACKFILL_AUTO
2026-04-04 11:43:52,1775303032,R_100,637.81,-1,0.010000000000104592,BACKFILL_AUTO
2026-04-04 11:43:54,1775303034,R_100,637.73,-1,0.07999999999992724,BACKFILL_AUTO
2026-04-04 11:43:56,1775303036,R_100,637.92,1,0.18999999999994088,BACKFILL_AUTO
2026-04-04 11:43:58,1775303038,R_100,638.01,1,0.09000000000003183,BACKFILL_AUTO
2026-04-04 11:44:00,1775303040,R_100,638.03,1,0.01999999999998181,BACKFILL_AUTO
2026-04-04 11:44:02,1775303042,R_100,638.12,1,0.09000000000003183,BACKFILL_AUTO
2026-04-04 11:44:04,1775303044,R_100,638.09,-1,0.029999999999972715,BACKFILL_AUTO
2026-04-04 11:44:06,1775303046,R_100,638.16,1,0.06999999999993634,BACKFILL_AUTO
2026-04-04 11:44:08,1775303048,R_100,638.25,1,0.09000000000003183,BACKFILL_AUTO
2026-04-04 11:44:10,1775303050,R_100,638.43,1,0.17999999999994998,BACKFILL_AUTO
2026-04-04 11:44:12,1775303052,R_100,638.2,-1,0.2299999999999045,BACKFILL_AUTO
2026-04-04 11:44:14,1775303054,R_100,638.29,1,0.08999999999991815,BACKFILL_AUTO
2026-04-04 11:44:16,1775303056,R_100,638.34,1,0.05000000000006821,BACKFILL_AUTO
2026-04-04 11:44:18,1775303058,R_100,638.6,1,0.2599999999999909,BACKFILL_AUTO
2026-04-04 11:44:20,1775303060,R_100,638.73,1,0.12999999999999545,BACKFILL_AUTO
2026-04-04 11:44:22,1775303062,R_100,638.83,1,0.10000000000002274,BACKFILL_AUTO
2026-04-04 11:44:24,1775303064,R_100,638.6,-1,0.2300000000000182,BACKFILL_AUTO
2026-04-04 11:44:26,1775303066,R_100,638.61,1,0.009999999999990905,BACKFILL_AUTO
2026-04-04 11:44:28,1775303068,R_100,638.39,-1,0.22000000000002728,BACKFILL_AUTO
2026-04-04 11:44:30,1775303070,R_100,638.56,1,0.16999999999995907,BACKFILL_AUTO
2026-04-04 11:44:32,1775303072,R_100,638.79,1,0.2300000000000182,BACKFILL_AUTO
2026-04-04 11:44:34,1775303074,R_100,638.68,-1,0.11000000000001364,BACKFILL_AUTO
2026-04-04 11:44:36,1775303076,R_100,638.49,-1,0.18999999999994088,BACKFILL_AUTO
2026-04-04 11:44:38,1775303078,R_100,638.58,1,0.09000000000003183,BACKFILL_AUTO
2026-04-04 11:44:40,1775303080,R_100,638.63,1,0.049999999999954525,BACKFILL_AUTO
2026-04-04 11:44:42,1775303082,R_100,638.56,-1,0.07000000000005002,BACKFILL_AUTO
2026-04-04 11:44:44,1775303084,R_100,638.97,1,0.41000000000008185,BACKFILL_AUTO
2026-04-04 11:44:46,1775303086,R_100,638.49,-1,0.4800000000000182,BACKFILL_AUTO
2026-04-04 11:44:48,1775303088,R_100,638.41,-1,0.08000000000004093,BACKFILL_AUTO
2026-04-04 11:44:50,1775303090,R_100,638.49,1,0.08000000000004093,BACKFILL_AUTO
2026-04-04 11:44:52,1775303092,R_100,638.54,1,0.049999999999954525,BACKFILL_AUTO
2026-04-04 11:44:54,1775303094,R_100,638.62,1,0.08000000000004093,BACKFILL_AUTO
2026-04-04 11:44:56,1775303096,R_100,638.41,-1,0.21000000000003638,BACKFILL_AUTO
2026-04-04 11:44:58,1775303098,R_100,638.61,1,0.20000000000004547,BACKFILL_AUTO
2026-04-04 11:45:00,1775303100,R_100,638.78,1,0.16999999999995907,BACKFILL_AUTO
2026-04-04 11:45:02,1775303102,R_100,639.09,1,0.3100000000000591,BACKFILL_AUTO
2026-04-04 11:45:04,1775303104,R_100,639.03,-1,0.06000000000005912,BACKFILL_AUTO
2026-04-04 11:45:06,1775303106,R_100,639.08,1,0.05000000000006821,BACKFILL_AUTO
2026-04-04 11:45:08,1775303108,R_100,638.92,-1,0.16000000000008185,BACKFILL_AUTO
2026-04-04 11:45:10,1775303110,R_100,638.95,1,0.030000000000086402,BACKFILL_AUTO
2026-04-04 11:45:12,1775303112,R_100,638.96,1,0.009999999999990905,BACKFILL_AUTO
2026-04-04 11:45:14,1775303114,R_100,639.12,1,0.15999999999996817,BACKFILL_AUTO
2026-04-04 11:45:16,1775303116,R_100,639.26,1,0.13999999999998636,BACKFILL_AUTO
2026-04-04 11:45:18,1775303118,R_100,639.32,1,0.06000000000005912,BACKFILL_AUTO
2026-04-04 11:45:20,1775303120,R_100,639.17,-1,0.15000000000009095,BACKFILL_AUTO
2026-04-04 11:45:22,1775303122,R_100,639.04,-1,0.12999999999999545,BACKFILL_AUTO
2026-04-04 11:45:24,1775303124,R_100,638.84,-1,0.1999999999999318,BACKFILL_AUTO
2026-04-04 11:45:26,1775303126,R_100,638.69,-1,0.14999999999997726,BACKFILL_AUTO
2026-04-04 11:45:28,1775303128,R_100,638.61,-1,0.08000000000004093,BACKFILL_AUTO
2026-04-04 11:45:30,1775303130,R_100,638.63,1,0.01999999999998181,BACKFILL_AUTO
2026-04-04 11:45:32,1775303132,R_100,638.89,1,0.2599999999999909,BACKFILL_AUTO
2026-04-04 11:45:34,1775303134,R_100,638.97,1,0.08000000000004093,BACKFILL_AUTO
2026-04-04 11:45:36,1775303136,R_100,638.83,-1,0.13999999999998636,BACKFILL_AUTO
2026-04-04 11:45:38,1775303138,R_100,638.73,-1,0.10000000000002274,BACKFILL_AUTO
2026-04-04 11:45:40,1775303140,R_100,638.82,1,0.09000000000003183,BACKFILL_AUTO
2026-04-04 11:45:42,1775303142,R_100,638.98,1,0.15999999999996817,BACKFILL_AUTO
2026-04-04 11:45:44,1775303144,R_100,639.02,1,0.03999999999996362,BACKFILL_AUTO
2026-04-04 11:45:46,1775303146,R_100,639.14,1,0.12000000000000455,BACKFILL_AUTO
2026-04-04 11:45:48,1775303148,R_100,639.23,1,0.09000000000003183,BACKFILL_AUTO
2026-04-04 11:45:50,1775303150,R_100,639.42,1,0.18999999999994088,BACKFILL_AUTO
2026-04-04 11:45:52,1775303152,R_100,639.01,-1,0.40999999999996817,BACKFILL_AUTO
2026-04-04 11:45:54,1775303154,R_100,638.82,-1,0.18999999999994088,BACKFILL_AUTO
2026-04-04 11:45:56,1775303156,R_100,638.66,-1,0.16000000000008185,BACKFILL_AUTO
2026-04-04 11:45:58,1775303158,R_100,638.59,-1,0.06999999999993634,BACKFILL_AUTO
2026-04-04 11:46:00,1775303160,R_100,638.71,1,0.12000000000000455,BACKFILL_AUTO
2026-04-04 11:46:02,1775303162,R_100,638.66,-1,0.05000000000006821,BACKFILL_AUTO
2026-04-04 11:46:04,1775303164,R_100,638.61,-1,0.049999999999954525,BACKFILL_AUTO
2026-04-04 11:46:06,1775303166,R_100,638.42,-1,0.19000000000005457,BACKFILL_AUTO
2026-04-04 11:46:08,1775303168,R_100,638.52,1,0.10000000000002274,BACKFILL_AUTO
2026-04-04 11:46:10,1775303170,R_100,638.29,-1,0.2300000000000182,BACKFILL_AUTO
2026-04-04 11:46:12,1775303172,R_100,638.45,1,0.16000000000008185,BACKFILL_AUTO
2026-04-04 11:46:14,1775303174,R_100,638.39,-1,0.06000000000005912,BACKFILL_AUTO
2026-04-04 11:46:16,1775303176,R_100,638.55,1,0.15999999999996817,BACKFILL_AUTO
2026-04-04 11:46:18,1775303178,R_100,638.6,1,0.05000000000006821,BACKFILL_AUTO
2026-04-04 11:46:20,1775303180,R_100,638.55,-1,0.05000000000006821,BACKFILL_AUTO
2026-04-04 11:46:22,1775303182,R_100,638.76,1,0.21000000000003638,BACKFILL_AUTO
2026-04-04 11:46:24,1775303184,R_100,638.84,1,0.08000000000004093,BACKFILL_AUTO
2026-04-04 11:46:26,1775303186,R_100,638.87,1,0.029999999999972715,BACKFILL_AUTO
2026-04-04 11:46:28,1775303188,R_100,638.94,1,0.07000000000005002,BACKFILL_AUTO
2026-04-04 11:46:30,1775303190,R_100,639.1,1,0.15999999999996817,BACKFILL_AUTO
2026-04-04 11:46:32,1775303192,R_100,639.1,0,0.0,BACKFILL_AUTO
2026-04-04 11:46:34,1775303194,R_100,639.02,-1,0.08000000000004093,BACKFILL_AUTO
2026-04-04 11:46:36,1775303196,R_100,639.13,1,0.11000000000001364,BACKFILL_AUTO
2026-04-04 11:46:38,1775303198,R_100,639.01,-1,0.12000000000000455,BACKFILL_AUTO
2026-04-04 11:46:40,1775303200,R_100,639.07,1,0.06000000000005912,BACKFILL_AUTO
2026-04-04 11:46:42,1775303202,R_100,638.84,-1,0.2300000000000182,BACKFILL_AUTO
2026-04-04 11:46:44,1775303204,R_100,638.95,1,0.11000000000001364,BACKFILL_AUTO
2026-04-04 11:46:46,1775303206,R_100,638.84,-1,0.11000000000001364,BACKFILL_AUTO
2026-04-04 11:46:48,1775303208,R_100,639.08,1,0.2400000000000091,BACKFILL_AUTO
2026-04-04 11:46:50,1775303210,R_100,639.17,1,0.08999999999991815,BACKFILL_AUTO
2026-04-04 11:46:52,1775303212,R_100,639.04,-1,0.12999999999999545,BACKFILL_AUTO
2026-04-04 11:46:54,1775303214,R_100,639.1,1,0.06000000000005912,BACKFILL_AUTO
2026-04-04 11:46:56,1775303216,R_100,639.03,-1,0.07000000000005002,BACKFILL_AUTO
2026-04-04 11:46:58,1775303218,R_100,639.14,1,0.11000000000001364,BACKFILL_AUTO
2026-04-04 11:47:00,1775303220,R_100,639.37,1,0.2300000000000182,BACKFILL_AUTO
2026-04-04 11:47:02,1775303222,R_100,639.35,-1,0.01999999999998181,BACKFILL_AUTO
2026-04-04 11:47:04,1775303224,R_100,639.26,-1,0.09000000000003183,BACKFILL_AUTO
2026-04-04 11:47:06,1775303226,R_100,639.19,-1,0.06999999999993634,BACKFILL_AUTO
2026-04-04 11:47:08,1775303228,R_100,639.02,-1,0.17000000000007276,BACKFILL_AUTO
2026-04-04 11:47:10,1775303230,R_100,639.06,1,0.03999999999996362,BACKFILL_AUTO
2026-04-04 11:47:12,1775303232,R_100,639.06,0,0.0,BACKFILL_AUTO
2026-04-04 11:47:14,1775303234,R_100,639.25,1,0.19000000000005457,BACKFILL_AUTO
2026-04-04 11:47:16,1775303236,R_100,638.91,-1,0.34000000000003183,BACKFILL_AUTO
2026-04-04 11:47:18,1775303238,R_100,638.75,-1,0.15999999999996817,BACKFILL_AUTO
2026-04-04 11:47:20,1775303240,R_100,638.81,1,0.05999999999994543,BACKFILL_AUTO
2026-04-04 11:47:22,1775303242,R_100,638.82,1,0.010000000000104592,BACKFILL_AUTO
2026-04-04 11:47:24,1775303244,R_100,639.16,1,0.33999999999991815,BACKFILL_AUTO
2026-04-04 11:47:26,1775303246,R_100,639.08,-1,0.07999999999992724,BACKFILL_AUTO
2026-04-04 11:47:28,1775303248,R_100,638.83,-1,0.25,BACKFILL_AUTO
2026-04-04 11:47:30,1775303250,R_100,638.85,1,0.01999999999998181,BACKFILL_AUTO
2026-04-04 11:47:32,1775303252,R_100,638.73,-1,0.12000000000000455,BACKFILL_AUTO
2026-04-04 11:47:34,1775303254,R_100,638.77,1,0.03999999999996362,BACKFILL_AUTO
2026-04-04 11:47:36,1775303256,R_100,638.89,1,0.12000000000000455,BACKFILL_AUTO
2026-04-04 11:47:38,1775303258,R_100,638.8,-1,0.09000000000003183,BACKFILL_AUTO
2026-04-04 11:47:40,1775303260,R_100,638.83,1,0.030000000000086402,BACKFILL_AUTO
2026-04-04 11:47:42,1775303262,R_100,638.66,-1,0.17000000000007276,BACKFILL_AUTO
2026-04-04 11:47:44,1775303264,R_100,638.69,1,0.030000000000086402,BACKFILL_AUTO
2026-04-04 11:47:46,1775303266,R_100,638.74,1,0.049999999999954525,BACKFILL_AUTO
2026-04-04 11:47:48,1775303268,R_100,638.6,-1,0.13999999999998636,BACKFILL_AUTO
2026-04-04 11:47:50,1775303270,R_100,638.7,1,0.10000000000002274,BACKFILL_AUTO
2026-04-04 11:47:52,1775303272,R_100,638.85,1,0.14999999999997726,BACKFILL_AUTO
2026-04-04 11:47:54,1775303274,R_100,638.92,1,0.06999999999993634,BACKFILL_AUTO
2026-04-04 11:47:56,1775303276,R_100,638.73,-1,0.18999999999994088,BACKFILL_AUTO
2026-04-04 11:47:58,1775303278,R_100,638.69,-1,0.03999999999996362,BACKFILL_AUTO
2026-04-04 11:48:00,1775303280,R_100,638.69,0,0.0,BACKFILL_AUTO
2026-04-04 11:48:02,1775303282,R_100,638.45,-1,0.2400000000000091,BACKFILL_AUTO
2026-04-04 11:48:04,1775303284,R_100,638.41,-1,0.04000000000007731,BACKFILL_AUTO
2026-04-04 11:48:06,1775303286,R_100,638.6,1,0.19000000000005457,BACKFILL_AUTO
2026-04-04 11:48:08,1775303288,R_100,638.75,1,0.14999999999997726,BACKFILL_AUTO
2026-04-04 11:48:10,1775303290,R_100,638.69,-1,0.05999999999994543,BACKFILL_AUTO
2026-04-04 11:48:12,1775303292,R_100,638.43,-1,0.2600000000001046,BACKFILL_AUTO
2026-04-04 11:48:14,1775303294,R_100,638.4,-1,0.029999999999972715,BACKFILL_AUTO
2026-04-04 11:48:16,1775303296,R_100,638.11,-1,0.2899999999999636,BACKFILL_AUTO
2026-04-04 11:48:18,1775303298,R_100,638.19,1,0.08000000000004093,BACKFILL_AUTO
2026-04-04 11:48:20,1775303300,R_100,638.3,1,0.10999999999989996,BACKFILL_AUTO
2026-04-04 11:48:22,1775303302,R_100,638.36,1,0.06000000000005912,BACKFILL_AUTO
2026-04-04 11:48:24,1775303304,R_100,638.2,-1,0.15999999999996817,BACKFILL_AUTO
2026-04-04 11:48:26,1775303306,R_100,638.21,1,0.009999999999990905,BACKFILL_AUTO
2026-04-04 11:48:28,1775303308,R_100,638.1,-1,0.11000000000001364,BACKFILL_AUTO
2026-04-04 11:48:30,1775303310,R_100,638.15,1,0.049999999999954525,BACKFILL_AUTO
2026-04-04 11:48:32,1775303312,R_100,638.61,1,0.4600000000000364,BACKFILL_AUTO
2026-04-04 11:48:34,1775303314,R_100,638.4,-1,0.21000000000003638,BACKFILL_AUTO
2026-04-04 11:48:36,1775303316,R_100,638.13,-1,0.2699999999999818,BACKFILL_AUTO
2026-04-04 11:48:38,1775303318,R_100,638.11,-1,0.01999999999998181,BACKFILL_AUTO
2026-04-04 11:48:40,1775303320,R_100,638.38,1,0.2699999999999818,BACKFILL_AUTO
2026-04-04 11:48:42,1775303322,R_100,638.46,1,0.08000000000004093,BACKFILL_AUTO
2026-04-04 11:48:44,1775303324,R_100,638.48,1,0.01999999999998181,BACKFILL_AUTO
2026-04-04 11:48:46,1775303326,R_100,638.62,1,0.13999999999998636,BACKFILL_AUTO
2026-04-04 11:48:48,1775303328,R_100,638.59,-1,0.029999999999972715,BACKFILL_AUTO
2026-04-04 11:48:50,1775303330,R_100,638.27,-1,0.32000000000005,BACKFILL_AUTO
2026-04-04 11:48:52,1775303332,R_100,638.56,1,0.2899999999999636,BACKFILL_AUTO
2026-04-04 11:48:54,1775303334,R_100,638.67,1,0.11000000000001364,BACKFILL_AUTO
2026-04-04 11:48:56,1775303336,R_100,638.67,0,0.0,BACKFILL_AUTO
2026-04-04 11:48:58,1775303338,R_100,638.79,1,0.12000000000000455,BACKFILL_AUTO
2026-04-04 11:49:00,1775303340,R_100,638.92,1,0.12999999999999545,BACKFILL_AUTO
2026-04-04 11:49:02,1775303342,R_100,639.0,1,0.08000000000004093,BACKFILL_AUTO
2026-04-04 11:49:04,1775303344,R_100,638.96,-1,0.03999999999996362,BACKFILL_AUTO
2026-04-04 11:49:06,1775303346,R_100,639.08,1,0.12000000000000455,BACKFILL_AUTO
2026-04-04 11:49:08,1775303348,R_100,639.18,1,0.09999999999990905,BACKFILL_AUTO
2026-04-04 11:49:10,1775303350,R_100,639.18,0,0.0,BACKFILL_AUTO
2026-04-04 11:49:12,1775303352,R_100,639.59,1,0.41000000000008185,BACKFILL_AUTO
2026-04-04 11:49:14,1775303354,R_100,639.47,-1,0.12000000000000455,BACKFILL_AUTO
2026-04-04 11:49:16,1775303356,R_100,639.96,1,0.4900000000000091,BACKFILL_AUTO
2026-04-04 11:49:18,1775303358,R_100,639.99,1,0.029999999999972715,BACKFILL_AUTO
2026-04-04 11:49:20,1775303360,R_100,639.91,-1,0.08000000000004093,BACKFILL_AUTO
2026-04-04 11:49:22,1775303362,R_100,639.85,-1,0.05999999999994543,BACKFILL_AUTO
2026-04-04 11:49:24,1775303364,R_100,640.01,1,0.15999999999996817,BACKFILL_AUTO
2026-04-04 11:49:26,1775303366,R_100,640.09,1,0.08000000000004093,BACKFILL_AUTO
2026-04-04 11:49:28,1775303368,R_100,639.94,-1,0.14999999999997726,BACKFILL_AUTO
2026-04-04 11:49:30,1775303370,R_100,640.05,1,0.10999999999989996,BACKFILL_AUTO
2026-04-04 11:49:32,1775303372,R_100,639.56,-1,0.4900000000000091,BACKFILL_AUTO
2026-04-04 11:49:34,1775303374,R_100,639.51,-1,0.049999999999954525,BACKFILL_AUTO
2026-04-04 11:49:36,1775303376,R_100,639.64,1,0.12999999999999545,BACKFILL_AUTO
2026-04-04 11:49:38,1775303378,R_100,639.5,-1,0.13999999999998636,BACKFILL_AUTO
2026-04-04 11:49:40,1775303380,R_100,639.37,-1,0.12999999999999545,BACKFILL_AUTO
2026-04-04 11:49:42,1775303382,R_100,639.25,-1,0.12000000000000455,BACKFILL_AUTO
2026-04-04 11:49:44,1775303384,R_100,639.18,-1,0.07000000000005002,BACKFILL_AUTO
2026-04-04 11:49:46,1775303386,R_100,639.61,1,0.43000000000006366,BACKFILL_AUTO
2026-04-04 11:49:48,1775303388,R_100,639.56,-1,0.05000000000006821,BACKFILL_AUTO
2026-04-04 11:49:50,1775303390,R_100,639.82,1,0.2600000000001046,BACKFILL_AUTO
2026-04-04 11:49:52,1775303392,R_100,639.64,-1,0.18000000000006366,BACKFILL_AUTO
2026-04-04 11:49:54,1775303394,R_100,639.71,1,0.07000000000005002,BACKFILL_AUTO
2026-04-04 11:49:56,1775303396,R_100,639.82,1,0.11000000000001364,BACKFILL_AUTO
2026-04-04 11:49:58,1775303398,R_100,639.96,1,0.13999999999998636,BACKFILL_AUTO
2026-04-04 11:50:00,1775303400,R_100,639.85,-1,0.11000000000001364,BACKFILL_AUTO
2026-04-04 11:50:02,1775303402,R_100,639.83,-1,0.01999999999998181,BACKFILL_AUTO
2026-04-04 11:50:04,1775303404,R_100,639.79,-1,0.04000000000007731,BACKFILL_AUTO
2026-04-04 11:50:06,1775303406,R_100,639.47,-1,0.31999999999993634,BACKFILL_AUTO
2026-04-04 11:50:08,1775303408,R_100,639.62,1,0.14999999999997726,BACKFILL_AUTO
2026-04-04 11:50:10,1775303410,R_100,639.55,-1,0.07000000000005002,BACKFILL_AUTO
2026-04-04 11:50:12,1775303412,R_100,639.49,-1,0.05999999999994543,BACKFILL_AUTO
2026-04-04 11:50:14,1775303414,R_100,639.43,-1,0.06000000000005912,BACKFILL_AUTO
2026-04-04 11:50:16,1775303416,R_100,639.46,1,0.030000000000086402,BACKFILL_AUTO
2026-04-04 11:50:18,1775303418,R_100,639.38,-1,0.08000000000004093,BACKFILL_AUTO
2026-04-04 11:50:20,1775303420,R_100,639.38,0,0.0,BACKFILL_AUTO
2026-04-04 11:50:22,1775303422,R_100,639.53,1,0.14999999999997726,BACKFILL_AUTO
2026-04-04 11:50:24,1775303424,R_100,639.3,-1,0.2300000000000182,BACKFILL_AUTO
2026-04-04 11:50:26,1775303426,R_100,639.16,-1,0.13999999999998636,BACKFILL_AUTO
2026-04-04 11:50:28,1775303428,R_100,639.22,1,0.06000000000005912,BACKFILL_AUTO
2026-04-04 11:50:30,1775303430,R_100,639.36,1,0.13999999999998636,BACKFILL_AUTO
2026-04-04 11:50:32,1775303432,R_100,639.41,1,0.049999999999954525,BACKFILL_AUTO
2026-04-04 11:50:34,1775303434,R_100,639.48,1,0.07000000000005002,BACKFILL_AUTO
2026-04-04 11:50:36,1775303436,R_100,639.6,1,0.12000000000000455,BACKFILL_AUTO
2026-04-04 11:50:38,1775303438,R_100,639.48,-1,0.12000000000000455,BACKFILL_AUTO
2026-04-04 11:50:40,1775303440,R_100,639.3,-1,0.18000000000006366,BACKFILL_AUTO
2026-04-04 11:50:42,1775303442,R_100,639.36,1,0.06000000000005912,BACKFILL_AUTO
2026-04-04 11:50:44,1775303444,R_100,639.45,1,0.09000000000003183,BACKFILL_AUTO
2026-04-04 11:50:46,1775303446,R_100,639.58,1,0.12999999999999545,BACKFILL_AUTO
2026-04-04 11:50:48,1775303448,R_100,639.32,-1,0.2599999999999909,BACKFILL_AUTO
2026-04-04 11:50:50,1775303450,R_100,639.21,-1,0.11000000000001364,BACKFILL_AUTO
2026-04-04 11:50:52,1775303452,R_100,639.15,-1,0.06000000000005912,BACKFILL_AUTO
2026-04-04 11:50:54,1775303454,R_100,639.13,-1,0.01999999999998181,BACKFILL_AUTO
2026-04-04 11:50:56,1775303456,R_100,639.04,-1,0.09000000000003183,BACKFILL_AUTO
2026-04-04 11:50:58,1775303458,R_100,639.34,1,0.3000000000000682,BACKFILL_AUTO
2026-04-04 11:51:00,1775303460,R_100,639.23,-1,0.11000000000001364,BACKFILL_AUTO
2026-04-04 11:51:02,1775303462,R_100,639.14,-1,0.09000000000003183,BACKFILL_AUTO
2026-04-04 11:51:04,1775303464,R_100,639.06,-1,0.08000000000004093,BACKFILL_AUTO
2026-04-04 11:51:06,1775303466,R_100,639.23,1,0.17000000000007276,BACKFILL_AUTO
2026-04-04 11:51:08,1775303468,R_100,639.04,-1,0.19000000000005457,BACKFILL_AUTO
2026-04-04 11:51:10,1775303470,R_100,638.85,-1,0.18999999999994088,BACKFILL_AUTO
2026-04-04 11:51:12,1775303472,R_100,638.82,-1,0.029999999999972715,BACKFILL_AUTO
2026-04-04 11:51:14,1775303474,R_100,638.55,-1,0.2700000000000955,BACKFILL_AUTO
2026-04-04 11:51:16,1775303476,R_100,638.47,-1,0.07999999999992724,BACKFILL_AUTO
2026-04-04 11:51:18,1775303478,R_100,638.32,-1,0.14999999999997726,BACKFILL_AUTO
2026-04-04 11:51:20,1775303480,R_100,638.38,1,0.05999999999994543,BACKFILL_AUTO
2026-04-04 11:51:22,1775303482,R_100,638.28,-1,0.10000000000002274,BACKFILL_AUTO
2026-04-04 11:51:24,1775303484,R_100,638.3,1,0.01999999999998181,BACKFILL_AUTO
2026-04-04 11:51:26,1775303486,R_100,638.19,-1,0.10999999999989996,BACKFILL_AUTO
2026-04-04 11:51:28,1775303488,R_100,638.04,-1,0.15000000000009095,BACKFILL_AUTO
2026-04-04 11:51:30,1775303490,R_100,637.77,-1,0.2699999999999818,BACKFILL_AUTO
2026-04-04 11:51:32,1775303492,R_100,637.75,-1,0.01999999999998181,BACKFILL_AUTO
2026-04-04 11:51:34,1775303494,R_100,637.6,-1,0.14999999999997726,BACKFILL_AUTO
2026-04-04 11:51:36,1775303496,R_100,637.48,-1,0.12000000000000455,BACKFILL_AUTO
