timestamp,unix_time,instrument,price,direction,tick_size,session_id
2026-04-04 21:14:06,1775337246,R_25,3220.612,0,,BACKFILL_AUTO
2026-04-04 21:14:08,1775337248,R_25,3220.352,-1,0.2600000000002183,BACKFILL_AUTO
2026-04-04 21:14:10,1775337250,R_25,3220.503,1,0.15100000000029468,BACKFILL_AUTO
2026-04-04 21:14:12,1775337252,R_25,3220.423,-1,0.08000000000038199,BACKFILL_AUTO
2026-04-04 21:14:14,1775337254,R_25,3220.405,-1,0.017999999999574356,BACKFILL_AUTO
2026-04-04 21:14:16,1775337256,R_25,3220.387,-1,0.018000000000029104,BACKFILL_AUTO
2026-04-04 21:14:18,1775337258,R_25,3220.289,-1,0.09799999999995634,BACKFILL_AUTO
2026-04-04 21:14:20,1775337260,R_25,3220.355,1,0.06599999999980355,BACKFILL_AUTO
2026-04-04 21:14:22,1775337262,R_25,3219.958,-1,0.3969999999999345,BACKFILL_AUTO
2026-04-04 21:14:24,1775337264,R_25,3219.77,-1,0.18800000000010186,BACKFILL_AUTO
2026-04-04 21:14:26,1775337266,R_25,3219.609,-1,0.1610000000000582,BACKFILL_AUTO
2026-04-04 21:14:28,1775337268,R_25,3220.273,1,0.6640000000002146,BACKFILL_AUTO
2026-04-04 21:14:30,1775337270,R_25,3220.538,1,0.26499999999987267,BACKFILL_AUTO
2026-04-04 21:14:32,1775337272,R_25,3220.651,1,0.11299999999982901,BACKFILL_AUTO
2026-04-04 21:14:34,1775337274,R_25,3220.693,1,0.042000000000371074,BACKFILL_AUTO
2026-04-04 21:14:36,1775337276,R_25,3220.247,-1,0.44600000000036744,BACKFILL_AUTO
2026-04-04 21:14:38,1775337278,R_25,3220.441,1,0.19399999999995998,BACKFILL_AUTO
2026-04-04 21:14:40,1775337280,R_25,3220.06,-1,0.3809999999998581,BACKFILL_AUTO
2026-04-04 21:14:42,1775337282,R_25,3220.177,1,0.11700000000018917,BACKFILL_AUTO
2026-04-04 21:14:44,1775337284,R_25,3220.529,1,0.35199999999986176,BACKFILL_AUTO
2026-04-04 21:14:46,1775337286,R_25,3220.408,-1,0.12100000000009459,BACKFILL_AUTO
2026-04-04 21:14:48,1775337288,R_25,3220.442,1,0.0340000000001055,BACKFILL_AUTO
2026-04-04 21:14:50,1775337290,R_25,3220.552,1,0.11000000000012733,BACKFILL_AUTO
2026-04-04 21:14:52,1775337292,R_25,3220.672,1,0.11999999999989086,BACKFILL_AUTO
2026-04-04 21:14:54,1775337294,R_25,3220.375,-1,0.29700000000002547,BACKFILL_AUTO
2026-04-04 21:14:56,1775337296,R_25,3220.1,-1,0.27500000000009095,BACKFILL_AUTO
2026-04-04 21:14:58,1775337298,R_25,3219.876,-1,0.22399999999970532,BACKFILL_AUTO
2026-04-04 21:15:00,1775337300,R_25,3219.911,1,0.03499999999985448,BACKFILL_AUTO
2026-04-04 21:15:02,1775337302,R_25,3219.86,-1,0.05099999999993088,BACKFILL_AUTO
2026-04-04 21:15:04,1775337304,R_25,3219.967,1,0.1069999999999709,BACKFILL_AUTO
2026-04-04 21:15:06,1775337306,R_25,3219.894,-1,0.07300000000032014,BACKFILL_AUTO
2026-04-04 21:15:08,1775337308,R_25,3220.072,1,0.17800000000033833,BACKFILL_AUTO
2026-04-04 21:15:10,1775337310,R_25,3220.046,-1,0.026000000000294676,BACKFILL_AUTO
2026-04-04 21:15:12,1775337312,R_25,3219.781,-1,0.26499999999987267,BACKFILL_AUTO
2026-04-04 21:15:14,1775337314,R_25,3219.767,-1,0.014000000000123691,BACKFILL_AUTO
2026-04-04 21:15:16,1775337316,R_25,3219.847,1,0.08000000000038199,BACKFILL_AUTO
2026-04-04 21:15:18,1775337318,R_25,3219.964,1,0.11699999999973443,BACKFILL_AUTO
2026-04-04 21:15:20,1775337320,R_25,3220.211,1,0.24699999999984357,BACKFILL_AUTO
2026-04-04 21:15:22,1775337322,R_25,3220.271,1,0.06000000000040018,BACKFILL_AUTO
2026-04-04 21:15:24,1775337324,R_25,3220.465,1,0.19399999999995998,BACKFILL_AUTO
2026-04-04 21:15:26,1775337326,R_25,3220.418,-1,0.047000000000025466,BACKFILL_AUTO
2026-04-04 21:15:28,1775337328,R_25,3220.362,-1,0.05600000000004002,BACKFILL_AUTO
2026-04-04 21:15:30,1775337330,R_25,3220.353,-1,0.009000000000014552,BACKFILL_AUTO
2026-04-04 21:15:32,1775337332,R_25,3220.36,1,0.007000000000061846,BACKFILL_AUTO
2026-04-04 21:15:34,1775337334,R_25,3220.372,1,0.011999999999716238,BACKFILL_AUTO
2026-04-04 21:15:36,1775337336,R_25,3220.466,1,0.09400000000005093,BACKFILL_AUTO
2026-04-04 21:15:38,1775337338,R_25,3220.254,-1,0.21199999999998909,BACKFILL_AUTO
2026-04-04 21:15:40,1775337340,R_25,3220.138,-1,0.11599999999998545,BACKFILL_AUTO
2026-04-04 21:15:42,1775337342,R_25,3220.542,1,0.40399999999999636,BACKFILL_AUTO
2026-04-04 21:15:44,1775337344,R_25,3220.67,1,0.12800000000015643,BACKFILL_AUTO
2026-04-04 21:15:46,1775337346,R_25,3220.529,-1,0.1410000000000764,BACKFILL_AUTO
2026-04-04 21:15:48,1775337348,R_25,3220.505,-1,0.023999999999887223,BACKFILL_AUTO
2026-04-04 21:15:50,1775337350,R_25,3220.451,-1,0.05400000000008731,BACKFILL_AUTO
2026-04-04 21:15:52,1775337352,R_25,3220.318,-1,0.13299999999981083,BACKFILL_AUTO
2026-04-04 21:15:54,1775337354,R_25,3220.241,-1,0.07700000000022555,BACKFILL_AUTO
2026-04-04 21:15:56,1775337356,R_25,3220.302,1,0.06100000000014916,BACKFILL_AUTO
2026-04-04 21:15:58,1775337358,R_25,3220.343,1,0.0409999999997126,BACKFILL_AUTO
2026-04-04 21:16:00,1775337360,R_25,3220.48,1,0.13700000000017099,BACKFILL_AUTO
2026-04-04 21:16:02,1775337362,R_25,3220.801,1,0.3209999999999127,BACKFILL_AUTO
2026-04-04 21:16:04,1775337364,R_25,3220.747,-1,0.05400000000008731,BACKFILL_AUTO
2026-04-04 21:16:06,1775337366,R_25,3220.865,1,0.11799999999993815,BACKFILL_AUTO
2026-04-04 21:16:08,1775337368,R_25,3220.677,-1,0.18799999999964712,BACKFILL_AUTO
2026-04-04 21:16:10,1775337370,R_25,3220.682,1,0.004999999999654392,BACKFILL_AUTO
2026-04-04 21:16:12,1775337372,R_25,3220.477,-1,0.20499999999992724,BACKFILL_AUTO
2026-04-04 21:16:14,1775337374,R_25,3220.574,1,0.09700000000020736,BACKFILL_AUTO
2026-04-04 21:16:16,1775337376,R_25,3220.597,1,0.023000000000138243,BACKFILL_AUTO
2026-04-04 21:16:18,1775337378,R_25,3221.052,1,0.45499999999992724,BACKFILL_AUTO
2026-04-04 21:16:20,1775337380,R_25,3221.169,1,0.11699999999973443,BACKFILL_AUTO
2026-04-04 21:16:22,1775337382,R_25,3221.295,1,0.12600000000020373,BACKFILL_AUTO
2026-04-04 21:16:24,1775337384,R_25,3221.088,-1,0.20699999999987995,BACKFILL_AUTO
2026-04-04 21:16:26,1775337386,R_25,3220.911,-1,0.1770000000001346,BACKFILL_AUTO
2026-04-04 21:16:28,1775337388,R_25,3220.883,-1,0.028000000000247383,BACKFILL_AUTO
2026-04-04 21:16:30,1775337390,R_25,3221.047,1,0.16400000000021464,BACKFILL_AUTO
2026-04-04 21:16:32,1775337392,R_25,3221.324,1,0.27700000000004366,BACKFILL_AUTO
2026-04-04 21:16:34,1775337394,R_25,3221.289,-1,0.03499999999985448,BACKFILL_AUTO
2026-04-04 21:16:36,1775337396,R_25,3221.351,1,0.06199999999989814,BACKFILL_AUTO
2026-04-04 21:16:38,1775337398,R_25,3221.28,-1,0.07099999999991269,BACKFILL_AUTO
2026-04-04 21:16:40,1775337400,R_25,3221.239,-1,0.04100000000016735,BACKFILL_AUTO
2026-04-04 21:16:42,1775337402,R_25,3221.161,-1,0.07799999999997453,BACKFILL_AUTO
2026-04-04 21:16:44,1775337404,R_25,3220.868,-1,0.29300000000012005,BACKFILL_AUTO
2026-04-04 21:16:46,1775337406,R_25,3220.786,-1,0.08199999999987995,BACKFILL_AUTO
2026-04-04 21:16:48,1775337408,R_25,3220.971,1,0.18499999999994543,BACKFILL_AUTO
2026-04-04 21:16:50,1775337410,R_25,3220.872,-1,0.09900000000016007,BACKFILL_AUTO
2026-04-04 21:16:52,1775337412,R_25,3220.938,1,0.0660000000002583,BACKFILL_AUTO
2026-04-04 21:16:54,1775337414,R_25,3220.882,-1,0.05600000000004002,BACKFILL_AUTO
2026-04-04 21:16:56,1775337416,R_25,3220.883,1,0.0009999999997489795,BACKFILL_AUTO
2026-04-04 21:16:58,1775337418,R_25,3220.765,-1,0.11799999999993815,BACKFILL_AUTO
2026-04-04 21:17:00,1775337420,R_25,3220.628,-1,0.13699999999971624,BACKFILL_AUTO
2026-04-04 21:17:02,1775337422,R_25,3221.009,1,0.3809999999998581,BACKFILL_AUTO
2026-04-04 21:17:04,1775337424,R_25,3221.061,1,0.052000000000134605,BACKFILL_AUTO
2026-04-04 21:17:06,1775337426,R_25,3220.994,-1,0.06700000000000728,BACKFILL_AUTO
2026-04-04 21:17:08,1775337428,R_25,3220.513,-1,0.4810000000002219,BACKFILL_AUTO
2026-04-04 21:17:10,1775337430,R_25,3220.401,-1,0.11200000000008004,BACKFILL_AUTO
2026-04-04 21:17:12,1775337432,R_25,3220.341,-1,0.05999999999994543,BACKFILL_AUTO
2026-04-04 21:17:14,1775337434,R_25,3220.252,-1,0.08899999999994179,BACKFILL_AUTO
2026-04-04 21:17:16,1775337436,R_25,3220.221,-1,0.03099999999994907,BACKFILL_AUTO
2026-04-04 21:17:18,1775337438,R_25,3219.931,-1,0.2899999999999636,BACKFILL_AUTO
2026-04-04 21:17:20,1775337440,R_25,3219.711,-1,0.22000000000025466,BACKFILL_AUTO
2026-04-04 21:17:22,1775337442,R_25,3219.51,-1,0.20099999999956708,BACKFILL_AUTO
2026-04-04 21:17:24,1775337444,R_25,3219.845,1,0.33499999999958163,BACKFILL_AUTO
2026-04-04 21:17:26,1775337446,R_25,3219.956,1,0.11100000000033106,BACKFILL_AUTO
2026-04-04 21:17:28,1775337448,R_25,3219.643,-1,0.31300000000010186,BACKFILL_AUTO
2026-04-04 21:17:30,1775337450,R_25,3219.511,-1,0.13200000000006185,BACKFILL_AUTO
2026-04-04 21:17:32,1775337452,R_25,3219.552,1,0.04100000000016735,BACKFILL_AUTO
2026-04-04 21:17:34,1775337454,R_25,3219.747,1,0.19499999999970896,BACKFILL_AUTO
2026-04-04 21:17:36,1775337456,R_25,3219.862,1,0.11500000000023647,BACKFILL_AUTO
2026-04-04 21:17:38,1775337458,R_25,3219.913,1,0.05099999999993088,BACKFILL_AUTO
2026-04-04 21:17:40,1775337460,R_25,3219.986,1,0.0729999999998654,BACKFILL_AUTO
2026-04-04 21:17:42,1775337462,R_25,3219.555,-1,0.43100000000004,BACKFILL_AUTO
2026-04-04 21:17:44,1775337464,R_25,3219.955,1,0.40000000000009095,BACKFILL_AUTO
2026-04-04 21:17:46,1775337466,R_25,3219.939,-1,0.016000000000076398,BACKFILL_AUTO
2026-04-04 21:17:48,1775337468,R_25,3220.205,1,0.2660000000000764,BACKFILL_AUTO
2026-04-04 21:17:50,1775337470,R_25,3219.949,-1,0.2559999999998581,BACKFILL_AUTO
2026-04-04 21:17:52,1775337472,R_25,3220.345,1,0.3959999999997308,BACKFILL_AUTO
2026-04-04 21:17:54,1775337474,R_25,3220.381,1,0.03600000000005821,BACKFILL_AUTO
2026-04-04 21:17:56,1775337476,R_25,3220.33,-1,0.05099999999993088,BACKFILL_AUTO
2026-04-04 21:17:58,1775337478,R_25,3220.493,1,0.16300000000001091,BACKFILL_AUTO
2026-04-04 21:18:00,1775337480,R_25,3220.634,1,0.1410000000000764,BACKFILL_AUTO
2026-04-04 21:18:02,1775337482,R_25,3220.398,-1,0.2359999999998763,BACKFILL_AUTO
2026-04-04 21:18:04,1775337484,R_25,3219.761,-1,0.637000000000171,BACKFILL_AUTO
2026-04-04 21:18:06,1775337486,R_25,3219.953,1,0.19200000000000728,BACKFILL_AUTO
2026-04-04 21:18:08,1775337488,R_25,3219.894,-1,0.05900000000019645,BACKFILL_AUTO
2026-04-04 21:18:10,1775337490,R_25,3220.158,1,0.2640000000001237,BACKFILL_AUTO
2026-04-04 21:18:12,1775337492,R_25,3220.422,1,0.2640000000001237,BACKFILL_AUTO
2026-04-04 21:18:14,1775337494,R_25,3220.681,1,0.25900000000001455,BACKFILL_AUTO
2026-04-04 21:18:16,1775337496,R_25,3220.776,1,0.09499999999979991,BACKFILL_AUTO
2026-04-04 21:18:18,1775337498,R_25,3220.84,1,0.06400000000030559,BACKFILL_AUTO
2026-04-04 21:18:20,1775337500,R_25,3221.027,1,0.18699999999989814,BACKFILL_AUTO
2026-04-04 21:18:22,1775337502,R_25,3220.831,-1,0.1959999999999127,BACKFILL_AUTO
2026-04-04 21:18:24,1775337504,R_25,3221.108,1,0.27700000000004366,BACKFILL_AUTO
2026-04-04 21:18:26,1775337506,R_25,3221.034,-1,0.07400000000006912,BACKFILL_AUTO
2026-04-04 21:18:28,1775337508,R_25,3221.186,1,0.15200000000004366,BACKFILL_AUTO
2026-04-04 21:18:30,1775337510,R_25,3220.939,-1,0.24700000000029831,BACKFILL_AUTO
2026-04-04 21:18:32,1775337512,R_25,3220.996,1,0.057000000000243745,BACKFILL_AUTO
2026-04-04 21:18:34,1775337514,R_25,3220.987,-1,0.009000000000014552,BACKFILL_AUTO
2026-04-04 21:18:36,1775337516,R_25,3221.106,1,0.11900000000014188,BACKFILL_AUTO
2026-04-04 21:18:38,1775337518,R_25,3221.189,1,0.08299999999962893,BACKFILL_AUTO
2026-04-04 21:18:40,1775337520,R_25,3221.053,-1,0.13599999999996726,BACKFILL_AUTO
2026-04-04 21:18:42,1775337522,R_25,3220.995,-1,0.057999999999992724,BACKFILL_AUTO
2026-04-04 21:18:44,1775337524,R_25,3221.139,1,0.14400000000023283,BACKFILL_AUTO
2026-04-04 21:18:46,1775337526,R_25,3221.337,1,0.1979999999998654,BACKFILL_AUTO
2026-04-04 21:18:48,1775337528,R_25,3221.388,1,0.05099999999993088,BACKFILL_AUTO
2026-04-04 21:18:50,1775337530,R_25,3221.368,-1,0.01999999999998181,BACKFILL_AUTO
2026-04-04 21:18:52,1775337532,R_25,3221.294,-1,0.07400000000006912,BACKFILL_AUTO
2026-04-04 21:18:54,1775337534,R_25,3221.448,1,0.15399999999999636,BACKFILL_AUTO
2026-04-04 21:18:56,1775337536,R_25,3221.174,-1,0.2739999999998872,BACKFILL_AUTO
2026-04-04 21:18:58,1775337538,R_25,3221.297,1,0.1230000000000473,BACKFILL_AUTO
2026-04-04 21:19:00,1775337540,R_25,3221.168,-1,0.1289999999999054,BACKFILL_AUTO
2026-04-04 21:19:02,1775337542,R_25,3220.844,-1,0.3240000000000691,BACKFILL_AUTO
2026-04-04 21:19:04,1775337544,R_25,3220.721,-1,0.1230000000000473,BACKFILL_AUTO
2026-04-04 21:19:06,1775337546,R_25,3220.788,1,0.06700000000000728,BACKFILL_AUTO
2026-04-04 21:19:08,1775337548,R_25,3220.745,-1,0.04300000000012005,BACKFILL_AUTO
2026-04-04 21:19:10,1775337550,R_25,3220.879,1,0.13400000000001455,BACKFILL_AUTO
2026-04-04 21:19:12,1775337552,R_25,3220.915,1,0.03600000000005821,BACKFILL_AUTO
2026-04-04 21:19:14,1775337554,R_25,3221.213,1,0.2980000000002292,BACKFILL_AUTO
2026-04-04 21:19:16,1775337556,R_25,3221.172,-1,0.04100000000016735,BACKFILL_AUTO
2026-04-04 21:19:18,1775337558,R_25,3221.057,-1,0.11500000000023647,BACKFILL_AUTO
2026-04-04 21:19:20,1775337560,R_25,3220.894,-1,0.16300000000001091,BACKFILL_AUTO
2026-04-04 21:19:22,1775337562,R_25,3221.096,1,0.20200000000022555,BACKFILL_AUTO
2026-04-04 21:19:24,1775337564,R_25,3221.277,1,0.18100000000004002,BACKFILL_AUTO
2026-04-04 21:19:26,1775337566,R_25,3221.349,1,0.07200000000011642,BACKFILL_AUTO
2026-04-04 21:19:28,1775337568,R_25,3221.298,-1,0.051000000000385626,BACKFILL_AUTO
2026-04-04 21:19:30,1775337570,R_25,3221.262,-1,0.03599999999960346,BACKFILL_AUTO
2026-04-04 21:19:32,1775337572,R_25,3221.474,1,0.21199999999998909,BACKFILL_AUTO
2026-04-04 21:19:34,1775337574,R_25,3221.654,1,0.1799999999998363,BACKFILL_AUTO
2026-04-04 21:19:36,1775337576,R_25,3221.909,1,0.25500000000010914,BACKFILL_AUTO
2026-04-04 21:19:38,1775337578,R_25,3221.979,1,0.06999999999970896,BACKFILL_AUTO
2026-04-04 21:19:40,1775337580,R_25,3221.614,-1,0.3649999999997817,BACKFILL_AUTO
2026-04-04 21:19:42,1775337582,R_25,3221.792,1,0.17799999999988358,BACKFILL_AUTO
2026-04-04 21:19:44,1775337584,R_25,3221.76,-1,0.03199999999969805,BACKFILL_AUTO
2026-04-04 21:19:46,1775337586,R_25,3221.228,-1,0.5320000000001528,BACKFILL_AUTO
2026-04-04 21:19:48,1775337588,R_25,3221.377,1,0.14899999999988722,BACKFILL_AUTO
2026-04-04 21:19:50,1775337590,R_25,3221.279,-1,0.09799999999995634,BACKFILL_AUTO
2026-04-04 21:19:52,1775337592,R_25,3221.274,-1,0.005000000000109139,BACKFILL_AUTO
2026-04-04 21:19:54,1775337594,R_25,3221.303,1,0.028999999999996362,BACKFILL_AUTO
2026-04-04 21:19:56,1775337596,R_25,3221.571,1,0.2680000000000291,BACKFILL_AUTO
2026-04-04 21:19:58,1775337598,R_25,3221.883,1,0.31199999999989814,BACKFILL_AUTO
2026-04-04 21:20:00,1775337600,R_25,3221.974,1,0.09100000000034925,BACKFILL_AUTO
2026-04-04 21:20:02,1775337602,R_25,3222.072,1,0.09799999999995634,BACKFILL_AUTO
2026-04-04 21:20:04,1775337604,R_25,3221.878,-1,0.19399999999995998,BACKFILL_AUTO
2026-04-04 21:20:06,1775337606,R_25,3221.983,1,0.10500000000001819,BACKFILL_AUTO
2026-04-04 21:20:08,1775337608,R_25,3221.668,-1,0.31500000000005457,BACKFILL_AUTO
2026-04-04 21:20:10,1775337610,R_25,3221.451,-1,0.21700000000009823,BACKFILL_AUTO
2026-04-04 21:20:12,1775337612,R_25,3221.689,1,0.23799999999982901,BACKFILL_AUTO
2026-04-04 21:20:14,1775337614,R_25,3221.655,-1,0.033999999999650754,BACKFILL_AUTO
2026-04-04 21:20:16,1775337616,R_25,3221.515,-1,0.14000000000032742,BACKFILL_AUTO
2026-04-04 21:20:18,1775337618,R_25,3221.43,-1,0.08500000000003638,BACKFILL_AUTO
2026-04-04 21:20:20,1775337620,R_25,3221.594,1,0.16400000000021464,BACKFILL_AUTO
2026-04-04 21:20:22,1775337622,R_25,3221.606,1,0.012000000000170985,BACKFILL_AUTO
2026-04-04 21:20:24,1775337624,R_25,3221.743,1,0.13699999999971624,BACKFILL_AUTO
2026-04-04 21:20:26,1775337626,R_25,3221.999,1,0.2559999999998581,BACKFILL_AUTO
2026-04-04 21:20:28,1775337628,R_25,3222.247,1,0.2480000000000473,BACKFILL_AUTO
2026-04-04 21:20:30,1775337630,R_25,3222.11,-1,0.13699999999971624,BACKFILL_AUTO
2026-04-04 21:20:32,1775337632,R_25,3222.159,1,0.04899999999997817,BACKFILL_AUTO
2026-04-04 21:20:34,1775337634,R_25,3222.073,-1,0.0860000000002401,BACKFILL_AUTO
2026-04-04 21:20:36,1775337636,R_25,3222.055,-1,0.018000000000029104,BACKFILL_AUTO
2026-04-04 21:20:38,1775337638,R_25,3222.028,-1,0.027000000000043656,BACKFILL_AUTO
2026-04-04 21:20:40,1775337640,R_25,3221.696,-1,0.33199999999987995,BACKFILL_AUTO
2026-04-04 21:20:42,1775337642,R_25,3221.5,-1,0.1959999999999127,BACKFILL_AUTO
2026-04-04 21:20:44,1775337644,R_25,3221.508,1,0.007999999999810825,BACKFILL_AUTO
2026-04-04 21:20:46,1775337646,R_25,3221.176,-1,0.33199999999987995,BACKFILL_AUTO
2026-04-04 21:20:48,1775337648,R_25,3221.824,1,0.6480000000001382,BACKFILL_AUTO
2026-04-04 21:20:50,1775337650,R_25,3221.604,-1,0.22000000000025466,BACKFILL_AUTO
2026-04-04 21:20:52,1775337652,R_25,3221.454,-1,0.1499999999996362,BACKFILL_AUTO
2026-04-04 21:20:54,1775337654,R_25,3221.484,1,0.02999999999974534,BACKFILL_AUTO
2026-04-04 21:20:56,1775337656,R_25,3221.535,1,0.05099999999993088,BACKFILL_AUTO
2026-04-04 21:20:58,1775337658,R_25,3220.946,-1,0.5889999999999418,BACKFILL_AUTO
2026-04-04 21:21:00,1775337660,R_25,3221.064,1,0.11799999999993815,BACKFILL_AUTO
2026-04-04 21:21:02,1775337662,R_25,3221.438,1,0.374000000000251,BACKFILL_AUTO
2026-04-04 21:21:04,1775337664,R_25,3221.532,1,0.09400000000005093,BACKFILL_AUTO
2026-04-04 21:21:06,1775337666,R_25,3221.785,1,0.2529999999997017,BACKFILL_AUTO
2026-04-04 21:21:08,1775337668,R_25,3221.678,-1,0.1069999999999709,BACKFILL_AUTO
2026-04-04 21:21:10,1775337670,R_25,3221.471,-1,0.20699999999987995,BACKFILL_AUTO
2026-04-04 21:21:12,1775337672,R_25,3221.408,-1,0.06300000000010186,BACKFILL_AUTO
2026-04-04 21:21:14,1775337674,R_25,3221.424,1,0.016000000000076398,BACKFILL_AUTO
2026-04-04 21:21:16,1775337676,R_25,3221.097,-1,0.3269999999997708,BACKFILL_AUTO
2026-04-04 21:21:18,1775337678,R_25,3220.779,-1,0.318000000000211,BACKFILL_AUTO
2026-04-04 21:21:20,1775337680,R_25,3220.984,1,0.20499999999992724,BACKFILL_AUTO
2026-04-04 21:21:22,1775337682,R_25,3220.872,-1,0.11200000000008004,BACKFILL_AUTO
2026-04-04 21:21:24,1775337684,R_25,3220.79,-1,0.08199999999987995,BACKFILL_AUTO
2026-04-04 21:21:26,1775337686,R_25,3220.518,-1,0.2719999999999345,BACKFILL_AUTO
2026-04-04 21:21:28,1775337688,R_25,3220.43,-1,0.08800000000019281,BACKFILL_AUTO
2026-04-04 21:21:30,1775337690,R_25,3220.481,1,0.051000000000385626,BACKFILL_AUTO
2026-04-04 21:21:32,1775337692,R_25,3220.312,-1,0.16900000000032378,BACKFILL_AUTO
2026-04-04 21:21:34,1775337694,R_25,3220.095,-1,0.21700000000009823,BACKFILL_AUTO
2026-04-04 21:21:36,1775337696,R_25,3220.386,1,0.29100000000016735,BACKFILL_AUTO
2026-04-04 21:21:38,1775337698,R_25,3220.464,1,0.07799999999997453,BACKFILL_AUTO
2026-04-04 21:21:40,1775337700,R_25,3220.428,-1,0.03600000000005821,BACKFILL_AUTO
2026-04-04 21:21:42,1775337702,R_25,3220.556,1,0.12800000000015643,BACKFILL_AUTO
2026-04-04 21:21:44,1775337704,R_25,3220.577,1,0.021000000000185537,BACKFILL_AUTO
2026-04-04 21:21:46,1775337706,R_25,3220.569,-1,0.008000000000265572,BACKFILL_AUTO
2026-04-04 21:21:48,1775337708,R_25,3220.503,-1,0.06599999999980355,BACKFILL_AUTO
2026-04-04 21:21:50,1775337710,R_25,3220.609,1,0.10599999999976717,BACKFILL_AUTO
2026-04-04 21:21:52,1775337712,R_25,3220.626,1,0.017000000000280124,BACKFILL_AUTO
2026-04-04 21:21:54,1775337714,R_25,3220.638,1,0.011999999999716238,BACKFILL_AUTO
2026-04-04 21:21:56,1775337716,R_25,3220.687,1,0.04899999999997817,BACKFILL_AUTO
2026-04-04 21:21:58,1775337718,R_25,3220.65,-1,0.03699999999980719,BACKFILL_AUTO
2026-04-04 21:22:00,1775337720,R_25,3220.794,1,0.14399999999977808,BACKFILL_AUTO
2026-04-04 21:22:02,1775337722,R_25,3220.931,1,0.13700000000017099,BACKFILL_AUTO
2026-04-04 21:22:04,1775337724,R_25,3220.544,-1,0.387000000000171,BACKFILL_AUTO
2026-04-04 21:22:06,1775337726,R_25,3220.593,1,0.04899999999997817,BACKFILL_AUTO
2026-04-04 21:22:08,1775337728,R_25,3220.749,1,0.15599999999994907,BACKFILL_AUTO
2026-04-04 21:22:10,1775337730,R_25,3220.537,-1,0.21199999999998909,BACKFILL_AUTO
2026-04-04 21:22:12,1775337732,R_25,3220.741,1,0.20400000000017826,BACKFILL_AUTO
2026-04-04 21:22:14,1775337734,R_25,3221.039,1,0.2980000000002292,BACKFILL_AUTO
2026-04-04 21:22:16,1775337736,R_25,3221.094,1,0.05499999999983629,BACKFILL_AUTO
2026-04-04 21:22:18,1775337738,R_25,3221.38,1,0.2860000000000582,BACKFILL_AUTO
2026-04-04 21:22:20,1775337740,R_25,3221.33,-1,0.0500000000001819,BACKFILL_AUTO
2026-04-04 21:22:22,1775337742,R_25,3221.416,1,0.0860000000002401,BACKFILL_AUTO
2026-04-04 21:22:24,1775337744,R_25,3221.34,-1,0.07600000000002183,BACKFILL_AUTO
2026-04-04 21:22:26,1775337746,R_25,3221.483,1,0.1430000000000291,BACKFILL_AUTO
2026-04-04 21:22:28,1775337748,R_25,3221.479,-1,0.00400000000036016,BACKFILL_AUTO
2026-04-04 21:22:30,1775337750,R_25,3221.483,1,0.00400000000036016,BACKFILL_AUTO
2026-04-04 21:22:32,1775337752,R_25,3221.481,-1,0.0019999999999527063,BACKFILL_AUTO
2026-04-04 21:22:34,1775337754,R_25,3221.613,1,0.1319999999996071,BACKFILL_AUTO
2026-04-04 21:22:36,1775337756,R_25,3221.723,1,0.11000000000012733,BACKFILL_AUTO
2026-04-04 21:22:38,1775337758,R_25,3221.856,1,0.13300000000026557,BACKFILL_AUTO
2026-04-04 21:22:40,1775337760,R_25,3221.964,1,0.10799999999971988,BACKFILL_AUTO
2026-04-04 21:22:42,1775337762,R_25,3222.246,1,0.2820000000001528,BACKFILL_AUTO
2026-04-04 21:22:44,1775337764,R_25,3222.554,1,0.3079999999999927,BACKFILL_AUTO
2026-04-04 21:22:46,1775337766,R_25,3222.864,1,0.30999999999994543,BACKFILL_AUTO
2026-04-04 21:22:48,1775337768,R_25,3223.006,1,0.14199999999982538,BACKFILL_AUTO
2026-04-04 21:22:50,1775337770,R_25,3223.099,1,0.09300000000030195,BACKFILL_AUTO
2026-04-04 21:22:52,1775337772,R_25,3223.152,1,0.052999999999883585,BACKFILL_AUTO
2026-04-04 21:22:54,1775337774,R_25,3223.3,1,0.14800000000013824,BACKFILL_AUTO
2026-04-04 21:22:56,1775337776,R_25,3223.347,1,0.047000000000025466,BACKFILL_AUTO
2026-04-04 21:22:58,1775337778,R_25,3223.475,1,0.12799999999970169,BACKFILL_AUTO
2026-04-04 21:23:00,1775337780,R_25,3223.723,1,0.2480000000000473,BACKFILL_AUTO
2026-04-04 21:23:02,1775337782,R_25,3223.97,1,0.24699999999984357,BACKFILL_AUTO
2026-04-04 21:23:04,1775337784,R_25,3224.189,1,0.21900000000005093,BACKFILL_AUTO
2026-04-04 21:23:06,1775337786,R_25,3223.922,-1,0.2669999999998254,BACKFILL_AUTO
2026-04-04 21:23:08,1775337788,R_25,3223.933,1,0.010999999999967258,BACKFILL_AUTO
2026-04-04 21:23:10,1775337790,R_25,3223.82,-1,0.11299999999982901,BACKFILL_AUTO
2026-04-04 21:23:12,1775337792,R_25,3223.948,1,0.12799999999970169,BACKFILL_AUTO
2026-04-04 21:23:14,1775337794,R_25,3224.318,1,0.3700000000003456,BACKFILL_AUTO
2026-04-04 21:23:16,1775337796,R_25,3224.262,-1,0.05600000000004002,BACKFILL_AUTO
2026-04-04 21:23:18,1775337798,R_25,3224.373,1,0.11099999999987631,BACKFILL_AUTO
2026-04-04 21:23:20,1775337800,R_25,3224.259,-1,0.11400000000003274,BACKFILL_AUTO
2026-04-04 21:23:22,1775337802,R_25,3224.371,1,0.11200000000008004,BACKFILL_AUTO
2026-04-04 21:23:24,1775337804,R_25,3224.113,-1,0.2580000000002656,BACKFILL_AUTO
2026-04-04 21:23:26,1775337806,R_25,3224.346,1,0.23300000000017462,BACKFILL_AUTO
2026-04-04 21:23:28,1775337808,R_25,3224.163,-1,0.18299999999999272,BACKFILL_AUTO
2026-04-04 21:23:30,1775337810,R_25,3224.377,1,0.2139999999999418,BACKFILL_AUTO
2026-04-04 21:23:32,1775337812,R_25,3224.171,-1,0.20600000000013097,BACKFILL_AUTO
2026-04-04 21:23:34,1775337814,R_25,3223.884,-1,0.2869999999998072,BACKFILL_AUTO
2026-04-04 21:23:36,1775337816,R_25,3223.518,-1,0.36599999999998545,BACKFILL_AUTO
2026-04-04 21:23:38,1775337818,R_25,3223.577,1,0.05900000000019645,BACKFILL_AUTO
2026-04-04 21:23:40,1775337820,R_25,3223.404,-1,0.1730000000002292,BACKFILL_AUTO
2026-04-04 21:23:42,1775337822,R_25,3223.064,-1,0.3400000000001455,BACKFILL_AUTO
2026-04-04 21:23:44,1775337824,R_25,3222.606,-1,0.4579999999996289,BACKFILL_AUTO
2026-04-04 21:23:46,1775337826,R_25,3222.868,1,0.26199999999971624,BACKFILL_AUTO
2026-04-04 21:23:48,1775337828,R_25,3223.04,1,0.17200000000002547,BACKFILL_AUTO
2026-04-04 21:23:50,1775337830,R_25,3222.942,-1,0.09799999999995634,BACKFILL_AUTO
2026-04-04 21:23:52,1775337832,R_25,3223.151,1,0.20899999999983265,BACKFILL_AUTO
2026-04-04 21:23:54,1775337834,R_25,3222.927,-1,0.22399999999970532,BACKFILL_AUTO
2026-04-04 21:23:56,1775337836,R_25,3223.225,1,0.29799999999977445,BACKFILL_AUTO
2026-04-04 21:23:58,1775337838,R_25,3223.342,1,0.11700000000018917,BACKFILL_AUTO
2026-04-04 21:24:00,1775337840,R_25,3223.568,1,0.22600000000011278,BACKFILL_AUTO
2026-04-04 21:24:02,1775337842,R_25,3223.655,1,0.08699999999998909,BACKFILL_AUTO
2026-04-04 21:24:04,1775337844,R_25,3223.468,-1,0.18700000000035288,BACKFILL_AUTO
2026-04-04 21:24:06,1775337846,R_25,3223.196,-1,0.2719999999999345,BACKFILL_AUTO
2026-04-04 21:24:08,1775337848,R_25,3223.12,-1,0.07600000000002183,BACKFILL_AUTO
2026-04-04 21:24:10,1775337850,R_25,3222.97,-1,0.15000000000009095,BACKFILL_AUTO
2026-04-04 21:24:12,1775337852,R_25,3222.758,-1,0.21199999999998909,BACKFILL_AUTO
2026-04-04 21:24:14,1775337854,R_25,3222.601,-1,0.15699999999969805,BACKFILL_AUTO
2026-04-04 21:24:16,1775337856,R_25,3222.901,1,0.29999999999972715,BACKFILL_AUTO
2026-04-04 21:24:18,1775337858,R_25,3222.871,-1,0.02999999999974534,BACKFILL_AUTO
2026-04-04 21:24:20,1775337860,R_25,3222.506,-1,0.36500000000023647,BACKFILL_AUTO
2026-04-04 21:24:22,1775337862,R_25,3222.33,-1,0.17599999999993088,BACKFILL_AUTO
2026-04-04 21:24:24,1775337864,R_25,3222.321,-1,0.009000000000014552,BACKFILL_AUTO
2026-04-04 21:24:26,1775337866,R_25,3222.491,1,0.17000000000007276,BACKFILL_AUTO
2026-04-04 21:24:28,1775337868,R_25,3222.662,1,0.17099999999982174,BACKFILL_AUTO
2026-04-04 21:24:30,1775337870,R_25,3222.725,1,0.06300000000010186,BACKFILL_AUTO
2026-04-04 21:24:32,1775337872,R_25,3222.607,-1,0.11799999999993815,BACKFILL_AUTO
2026-04-04 21:24:34,1775337874,R_25,3222.792,1,0.18499999999994543,BACKFILL_AUTO
2026-04-04 21:24:36,1775337876,R_25,3222.833,1,0.04100000000016735,BACKFILL_AUTO
2026-04-04 21:24:38,1775337878,R_25,3223.083,1,0.25,BACKFILL_AUTO
2026-04-04 21:24:40,1775337880,R_25,3223.321,1,0.23799999999982901,BACKFILL_AUTO
2026-04-04 21:24:42,1775337882,R_25,3223.359,1,0.038000000000010914,BACKFILL_AUTO
2026-04-04 21:24:44,1775337884,R_25,3223.279,-1,0.07999999999992724,BACKFILL_AUTO
2026-04-04 21:24:46,1775337886,R_25,3223.369,1,0.09000000000014552,BACKFILL_AUTO
2026-04-04 21:24:48,1775337888,R_25,3223.667,1,0.29799999999977445,BACKFILL_AUTO
2026-04-04 21:24:50,1775337890,R_25,3223.631,-1,0.03600000000005821,BACKFILL_AUTO
2026-04-04 21:24:52,1775337892,R_25,3224.25,1,0.6190000000001419,BACKFILL_AUTO
2026-04-04 21:24:54,1775337894,R_25,3223.768,-1,0.4819999999999709,BACKFILL_AUTO
2026-04-04 21:24:56,1775337896,R_25,3223.683,-1,0.08500000000003638,BACKFILL_AUTO
2026-04-04 21:24:58,1775337898,R_25,3223.789,1,0.10600000000022192,BACKFILL_AUTO
2026-04-04 21:25:00,1775337900,R_25,3223.838,1,0.04899999999997817,BACKFILL_AUTO
2026-04-04 21:25:02,1775337902,R_25,3223.749,-1,0.08900000000039654,BACKFILL_AUTO
2026-04-04 21:25:04,1775337904,R_25,3223.223,-1,0.5259999999998399,BACKFILL_AUTO
2026-04-04 21:25:06,1775337906,R_25,3223.235,1,0.012000000000170985,BACKFILL_AUTO
2026-04-04 21:25:08,1775337908,R_25,3223.142,-1,0.09300000000030195,BACKFILL_AUTO
2026-04-04 21:25:10,1775337910,R_25,3222.889,-1,0.2529999999997017,BACKFILL_AUTO
2026-04-04 21:25:12,1775337912,R_25,3223.014,1,0.125,BACKFILL_AUTO
2026-04-04 21:25:14,1775337914,R_25,3222.801,-1,0.2130000000001928,BACKFILL_AUTO
2026-04-04 21:25:16,1775337916,R_25,3222.718,-1,0.08300000000008367,BACKFILL_AUTO
2026-04-04 21:25:18,1775337918,R_25,3222.541,-1,0.17699999999967986,BACKFILL_AUTO
2026-04-04 21:25:20,1775337920,R_25,3222.68,1,0.13899999999966894,BACKFILL_AUTO
2026-04-04 21:25:22,1775337922,R_25,3222.692,1,0.012000000000170985,BACKFILL_AUTO
2026-04-04 21:25:24,1775337924,R_25,3222.595,-1,0.09700000000020736,BACKFILL_AUTO
2026-04-04 21:25:26,1775337926,R_25,3222.635,1,0.04000000000041837,BACKFILL_AUTO
2026-04-04 21:25:28,1775337928,R_25,3222.354,-1,0.2810000000004038,BACKFILL_AUTO
2026-04-04 21:25:30,1775337930,R_25,3222.209,-1,0.1449999999999818,BACKFILL_AUTO
2026-04-04 21:25:32,1775337932,R_25,3221.978,-1,0.23099999999976717,BACKFILL_AUTO
2026-04-04 21:25:34,1775337934,R_25,3222.004,1,0.02599999999983993,BACKFILL_AUTO
2026-04-04 21:25:36,1775337936,R_25,3221.901,-1,0.10300000000006548,BACKFILL_AUTO
2026-04-04 21:25:38,1775337938,R_25,3221.804,-1,0.09699999999975262,BACKFILL_AUTO
2026-04-04 21:25:40,1775337940,R_25,3221.514,-1,0.2899999999999636,BACKFILL_AUTO
2026-04-04 21:25:42,1775337942,R_25,3221.567,1,0.052999999999883585,BACKFILL_AUTO
2026-04-04 21:25:44,1775337944,R_25,3221.29,-1,0.27700000000004366,BACKFILL_AUTO
2026-04-04 21:25:46,1775337946,R_25,3221.451,1,0.1610000000000582,BACKFILL_AUTO
2026-04-04 21:25:48,1775337948,R_25,3221.71,1,0.25900000000001455,BACKFILL_AUTO
2026-04-04 21:25:50,1775337950,R_25,3221.756,1,0.04599999999982174,BACKFILL_AUTO
2026-04-04 21:25:52,1775337952,R_25,3221.802,1,0.046000000000276486,BACKFILL_AUTO
2026-04-04 21:25:54,1775337954,R_25,3221.333,-1,0.46900000000005093,BACKFILL_AUTO
2026-04-04 21:25:56,1775337956,R_25,3221.282,-1,0.05099999999993088,BACKFILL_AUTO
2026-04-04 21:25:58,1775337958,R_25,3221.46,1,0.17799999999988358,BACKFILL_AUTO
2026-04-04 21:26:00,1775337960,R_25,3221.51,1,0.0500000000001819,BACKFILL_AUTO
2026-04-04 21:26:02,1775337962,R_25,3221.657,1,0.14699999999993452,BACKFILL_AUTO
2026-04-04 21:26:04,1775337964,R_25,3221.672,1,0.01499999999987267,BACKFILL_AUTO
2026-04-04 21:26:06,1775337966,R_25,3221.507,-1,0.16499999999996362,BACKFILL_AUTO
2026-04-04 21:26:08,1775337968,R_25,3221.649,1,0.14199999999982538,BACKFILL_AUTO
2026-04-04 21:26:10,1775337970,R_25,3221.413,-1,0.2359999999998763,BACKFILL_AUTO
2026-04-04 21:26:12,1775337972,R_25,3221.47,1,0.056999999999789,BACKFILL_AUTO
2026-04-04 21:26:14,1775337974,R_25,3221.538,1,0.068000000000211,BACKFILL_AUTO
2026-04-04 21:26:16,1775337976,R_25,3221.548,1,0.009999999999763531,BACKFILL_AUTO
2026-04-04 21:26:18,1775337978,R_25,3221.54,-1,0.007999999999810825,BACKFILL_AUTO
2026-04-04 21:26:20,1775337980,R_25,3221.703,1,0.16300000000001091,BACKFILL_AUTO
2026-04-04 21:26:22,1775337982,R_25,3221.733,1,0.03000000000020009,BACKFILL_AUTO
2026-04-04 21:26:24,1775337984,R_25,3221.752,1,0.018999999999778083,BACKFILL_AUTO
2026-04-04 21:26:26,1775337986,R_25,3221.785,1,0.032999999999901775,BACKFILL_AUTO
2026-04-04 21:26:28,1775337988,R_25,3221.581,-1,0.2039999999997235,BACKFILL_AUTO
2026-04-04 21:26:30,1775337990,R_25,3221.508,-1,0.07300000000032014,BACKFILL_AUTO
2026-04-04 21:26:32,1775337992,R_25,3221.64,1,0.13200000000006185,BACKFILL_AUTO
2026-04-04 21:26:34,1775337994,R_25,3221.41,-1,0.2300000000000182,BACKFILL_AUTO
2026-04-04 21:26:36,1775337996,R_25,3221.701,1,0.29100000000016735,BACKFILL_AUTO
2026-04-04 21:26:38,1775337998,R_25,3221.678,-1,0.023000000000138243,BACKFILL_AUTO
2026-04-04 21:26:40,1775338000,R_25,3221.338,-1,0.33999999999969077,BACKFILL_AUTO
2026-04-04 21:26:42,1775338002,R_25,3221.38,1,0.041999999999916326,BACKFILL_AUTO
2026-04-04 21:26:44,1775338004,R_25,3221.377,-1,0.003000000000156433,BACKFILL_AUTO
2026-04-04 21:26:46,1775338006,R_25,3221.368,-1,0.009000000000014552,BACKFILL_AUTO
2026-04-04 21:26:48,1775338008,R_25,3221.085,-1,0.2829999999999018,BACKFILL_AUTO
2026-04-04 21:26:50,1775338010,R_25,3221.191,1,0.10599999999976717,BACKFILL_AUTO
2026-04-04 21:26:52,1775338012,R_25,3221.456,1,0.2650000000003274,BACKFILL_AUTO
2026-04-04 21:26:54,1775338014,R_25,3221.004,-1,0.45200000000022555,BACKFILL_AUTO
2026-04-04 21:26:56,1775338016,R_25,3221.179,1,0.1750000000001819,BACKFILL_AUTO
2026-04-04 21:26:58,1775338018,R_25,3221.174,-1,0.005000000000109139,BACKFILL_AUTO
2026-04-04 21:27:00,1775338020,R_25,3220.945,-1,0.22899999999981446,BACKFILL_AUTO
2026-04-04 21:27:02,1775338022,R_25,3220.903,-1,0.042000000000371074,BACKFILL_AUTO
2026-04-04 21:27:04,1775338024,R_25,3220.815,-1,0.08799999999973807,BACKFILL_AUTO
2026-04-04 21:27:06,1775338026,R_25,3220.815,0,0.0,BACKFILL_AUTO
2026-04-04 21:27:08,1775338028,R_25,3220.785,-1,0.03000000000020009,BACKFILL_AUTO
2026-04-04 21:27:10,1775338030,R_25,3220.931,1,0.14600000000018554,BACKFILL_AUTO
2026-04-04 21:27:12,1775338032,R_25,3220.736,-1,0.1950000000001637,BACKFILL_AUTO
2026-04-04 21:27:14,1775338034,R_25,3220.79,1,0.05400000000008731,BACKFILL_AUTO
2026-04-04 21:27:16,1775338036,R_25,3220.843,1,0.052999999999883585,BACKFILL_AUTO
2026-04-04 21:27:18,1775338038,R_25,3220.951,1,0.10800000000017462,BACKFILL_AUTO
2026-04-04 21:27:20,1775338040,R_25,3221.391,1,0.44000000000005457,BACKFILL_AUTO
2026-04-04 21:27:22,1775338042,R_25,3221.541,1,0.15000000000009095,BACKFILL_AUTO
2026-04-04 21:27:24,1775338044,R_25,3221.746,1,0.20499999999992724,BACKFILL_AUTO
2026-04-04 21:27:26,1775338046,R_25,3221.864,1,0.11799999999993815,BACKFILL_AUTO
2026-04-04 21:27:28,1775338048,R_25,3222.039,1,0.1750000000001819,BACKFILL_AUTO
2026-04-04 21:27:30,1775338050,R_25,3222.352,1,0.3129999999996471,BACKFILL_AUTO
2026-04-04 21:27:32,1775338052,R_25,3222.446,1,0.09400000000005093,BACKFILL_AUTO
2026-04-04 21:27:34,1775338054,R_25,3222.554,1,0.10800000000017462,BACKFILL_AUTO
2026-04-04 21:27:36,1775338056,R_25,3222.45,-1,0.10400000000026921,BACKFILL_AUTO
2026-04-04 21:27:38,1775338058,R_25,3222.028,-1,0.42200000000002547,BACKFILL_AUTO
2026-04-04 21:27:40,1775338060,R_25,3222.096,1,0.068000000000211,BACKFILL_AUTO
2026-04-04 21:27:42,1775338062,R_25,3222.165,1,0.06899999999995998,BACKFILL_AUTO
2026-04-04 21:27:44,1775338064,R_25,3222.479,1,0.31399999999985084,BACKFILL_AUTO
2026-04-04 21:27:46,1775338066,R_25,3222.23,-1,0.24899999999979627,BACKFILL_AUTO
2026-04-04 21:27:48,1775338068,R_25,3221.828,-1,0.40200000000004366,BACKFILL_AUTO
2026-04-04 21:27:50,1775338070,R_25,3221.835,1,0.007000000000061846,BACKFILL_AUTO
2026-04-04 21:27:52,1775338072,R_25,3221.772,-1,0.06300000000010186,BACKFILL_AUTO
2026-04-04 21:27:54,1775338074,R_25,3221.834,1,0.06199999999989814,BACKFILL_AUTO
2026-04-04 21:27:56,1775338076,R_25,3221.714,-1,0.11999999999989086,BACKFILL_AUTO
2026-04-04 21:27:58,1775338078,R_25,3221.596,-1,0.11799999999993815,BACKFILL_AUTO
2026-04-04 21:28:00,1775338080,R_25,3221.571,-1,0.02500000000009095,BACKFILL_AUTO
2026-04-04 21:28:02,1775338082,R_25,3221.865,1,0.29399999999986903,BACKFILL_AUTO
2026-04-04 21:28:04,1775338084,R_25,3222.147,1,0.2820000000001528,BACKFILL_AUTO
2026-04-04 21:28:06,1775338086,R_25,3222.21,1,0.06300000000010186,BACKFILL_AUTO
2026-04-04 21:28:08,1775338088,R_25,3222.143,-1,0.06700000000000728,BACKFILL_AUTO
2026-04-04 21:28:10,1775338090,R_25,3222.124,-1,0.01900000000023283,BACKFILL_AUTO
2026-04-04 21:28:12,1775338092,R_25,3222.218,1,0.09400000000005093,BACKFILL_AUTO
2026-04-04 21:28:14,1775338094,R_25,3222.176,-1,0.041999999999916326,BACKFILL_AUTO
2026-04-04 21:28:16,1775338096,R_25,3222.019,-1,0.1570000000001528,BACKFILL_AUTO
2026-04-04 21:28:18,1775338098,R_25,3222.285,1,0.2660000000000764,BACKFILL_AUTO
2026-04-04 21:28:20,1775338100,R_25,3222.402,1,0.11700000000018917,BACKFILL_AUTO
2026-04-04 21:28:22,1775338102,R_25,3222.325,-1,0.07700000000022555,BACKFILL_AUTO
2026-04-04 21:28:24,1775338104,R_25,3222.892,1,0.5670000000000073,BACKFILL_AUTO
2026-04-04 21:28:26,1775338106,R_25,3222.944,1,0.052000000000134605,BACKFILL_AUTO
2026-04-04 21:28:28,1775338108,R_25,3222.853,-1,0.0909999999998945,BACKFILL_AUTO
2026-04-04 21:28:30,1775338110,R_25,3223.064,1,0.21099999999978536,BACKFILL_AUTO
2026-04-04 21:28:32,1775338112,R_25,3222.92,-1,0.14399999999977808,BACKFILL_AUTO
2026-04-04 21:28:34,1775338114,R_25,3222.6,-1,0.3200000000001637,BACKFILL_AUTO
2026-04-04 21:28:36,1775338116,R_25,3222.299,-1,0.3009999999999309,BACKFILL_AUTO
2026-04-04 21:28:38,1775338118,R_25,3222.167,-1,0.13200000000006185,BACKFILL_AUTO
2026-04-04 21:28:40,1775338120,R_25,3222.037,-1,0.13000000000010914,BACKFILL_AUTO
2026-04-04 21:28:42,1775338122,R_25,3222.079,1,0.042000000000371074,BACKFILL_AUTO
2026-04-04 21:28:44,1775338124,R_25,3222.096,1,0.016999999999825377,BACKFILL_AUTO
2026-04-04 21:28:46,1775338126,R_25,3222.446,1,0.34999999999990905,BACKFILL_AUTO
2026-04-04 21:28:48,1775338128,R_25,3222.244,-1,0.2019999999997708,BACKFILL_AUTO
2026-04-04 21:28:50,1775338130,R_25,3222.216,-1,0.028000000000247383,BACKFILL_AUTO
2026-04-04 21:28:52,1775338132,R_25,3221.924,-1,0.2919999999999163,BACKFILL_AUTO
2026-04-04 21:28:54,1775338134,R_25,3221.936,1,0.012000000000170985,BACKFILL_AUTO
2026-04-04 21:28:56,1775338136,R_25,3221.803,-1,0.13300000000026557,BACKFILL_AUTO
2026-04-04 21:28:58,1775338138,R_25,3221.957,1,0.15399999999999636,BACKFILL_AUTO
2026-04-04 21:29:00,1775338140,R_25,3222.099,1,0.14200000000028012,BACKFILL_AUTO
2026-04-04 21:29:02,1775338142,R_25,3222.038,-1,0.06100000000014916,BACKFILL_AUTO
2026-04-04 21:29:04,1775338144,R_25,3221.909,-1,0.1289999999999054,BACKFILL_AUTO
2026-04-04 21:29:06,1775338146,R_25,3221.982,1,0.0729999999998654,BACKFILL_AUTO
2026-04-04 21:29:08,1775338148,R_25,3221.836,-1,0.14600000000018554,BACKFILL_AUTO
2026-04-04 21:29:10,1775338150,R_25,3221.617,-1,0.21899999999959618,BACKFILL_AUTO
2026-04-04 21:29:12,1775338152,R_25,3221.721,1,0.10399999999981446,BACKFILL_AUTO
2026-04-04 21:29:14,1775338154,R_25,3221.76,1,0.03900000000021464,BACKFILL_AUTO
2026-04-04 21:29:16,1775338156,R_25,3221.896,1,0.13599999999996726,BACKFILL_AUTO
2026-04-04 21:29:18,1775338158,R_25,3221.641,-1,0.25500000000010914,BACKFILL_AUTO
2026-04-04 21:29:20,1775338160,R_25,3222.117,1,0.4760000000001128,BACKFILL_AUTO
2026-04-04 21:29:22,1775338162,R_25,3222.355,1,0.23799999999982901,BACKFILL_AUTO
2026-04-04 21:29:24,1775338164,R_25,3222.141,-1,0.2139999999999418,BACKFILL_AUTO
2026-04-04 21:29:26,1775338166,R_25,3222.26,1,0.11900000000014188,BACKFILL_AUTO
2026-04-04 21:29:28,1775338168,R_25,3222.266,1,0.005999999999858119,BACKFILL_AUTO
2026-04-04 21:29:30,1775338170,R_25,3222.713,1,0.4470000000001164,BACKFILL_AUTO
2026-04-04 21:29:32,1775338172,R_25,3222.375,-1,0.3380000000001928,BACKFILL_AUTO
2026-04-04 21:29:34,1775338174,R_25,3222.56,1,0.18499999999994543,BACKFILL_AUTO
2026-04-04 21:29:36,1775338176,R_25,3222.322,-1,0.23799999999982901,BACKFILL_AUTO
2026-04-04 21:29:38,1775338178,R_25,3222.186,-1,0.13599999999996726,BACKFILL_AUTO
2026-04-04 21:29:40,1775338180,R_25,3221.999,-1,0.18700000000035288,BACKFILL_AUTO
2026-04-04 21:29:42,1775338182,R_25,3221.988,-1,0.010999999999967258,BACKFILL_AUTO
2026-04-04 21:29:44,1775338184,R_25,3222.324,1,0.3360000000002401,BACKFILL_AUTO
2026-04-04 21:29:46,1775338186,R_25,3222.376,1,0.052000000000134605,BACKFILL_AUTO
2026-04-04 21:29:48,1775338188,R_25,3222.495,1,0.11899999999968713,BACKFILL_AUTO
2026-04-04 21:29:50,1775338190,R_25,3222.29,-1,0.20499999999992724,BACKFILL_AUTO
2026-04-04 21:29:52,1775338192,R_25,3221.764,-1,0.5259999999998399,BACKFILL_AUTO
2026-04-04 21:29:54,1775338194,R_25,3221.619,-1,0.1449999999999818,BACKFILL_AUTO
2026-04-04 21:29:56,1775338196,R_25,3221.596,-1,0.023000000000138243,BACKFILL_AUTO
2026-04-04 21:29:58,1775338198,R_25,3221.614,1,0.018000000000029104,BACKFILL_AUTO
2026-04-04 21:30:00,1775338200,R_25,3221.626,1,0.012000000000170985,BACKFILL_AUTO
2026-04-04 21:30:02,1775338202,R_25,3221.442,-1,0.18400000000019645,BACKFILL_AUTO
2026-04-04 21:30:04,1775338204,R_25,3221.385,-1,0.056999999999789,BACKFILL_AUTO
2026-04-04 21:30:06,1775338206,R_25,3221.124,-1,0.261000000000422,BACKFILL_AUTO
2026-04-04 21:30:08,1775338208,R_25,3221.265,1,0.1410000000000764,BACKFILL_AUTO
2026-04-04 21:30:10,1775338210,R_25,3221.431,1,0.16600000000016735,BACKFILL_AUTO
2026-04-04 21:30:12,1775338212,R_25,3220.952,-1,0.47899999999981446,BACKFILL_AUTO
2026-04-04 21:30:14,1775338214,R_25,3220.647,-1,0.30500000000029104,BACKFILL_AUTO
2026-04-04 21:30:16,1775338216,R_25,3220.514,-1,0.13299999999981083,BACKFILL_AUTO
2026-04-04 21:30:18,1775338218,R_25,3220.991,1,0.47699999999986176,BACKFILL_AUTO
2026-04-04 21:30:20,1775338220,R_25,3221.107,1,0.11599999999998545,BACKFILL_AUTO
2026-04-04 21:30:22,1775338222,R_25,3220.937,-1,0.17000000000007276,BACKFILL_AUTO
2026-04-04 21:30:24,1775338224,R_25,3220.48,-1,0.45699999999987995,BACKFILL_AUTO
2026-04-04 21:30:26,1775338226,R_25,3220.831,1,0.3510000000001128,BACKFILL_AUTO
2026-04-04 21:30:28,1775338228,R_25,3221.138,1,0.306999999999789,BACKFILL_AUTO
2026-04-04 21:30:30,1775338230,R_25,3220.932,-1,0.20600000000013097,BACKFILL_AUTO
2026-04-04 21:30:32,1775338232,R_25,3221.148,1,0.21600000000034925,BACKFILL_AUTO
2026-04-04 21:30:34,1775338234,R_25,3221.224,1,0.07600000000002183,BACKFILL_AUTO
2026-04-04 21:30:36,1775338236,R_25,3221.248,1,0.023999999999887223,BACKFILL_AUTO
2026-04-04 21:30:38,1775338238,R_25,3220.941,-1,0.30700000000024374,BACKFILL_AUTO
2026-04-04 21:30:40,1775338240,R_25,3221.061,1,0.12000000000034561,BACKFILL_AUTO
2026-04-04 21:30:42,1775338242,R_25,3221.037,-1,0.02400000000034197,BACKFILL_AUTO
2026-04-04 21:30:44,1775338244,R_25,3221.356,1,0.31900000000041473,BACKFILL_AUTO
2026-04-04 21:30:46,1775338246,R_25,3221.103,-1,0.25300000000015643,BACKFILL_AUTO
2026-04-04 21:30:48,1775338248,R_25,3221.349,1,0.2460000000000946,BACKFILL_AUTO
2026-04-04 21:30:50,1775338250,R_25,3221.332,-1,0.017000000000280124,BACKFILL_AUTO
2026-04-04 21:30:52,1775338252,R_25,3221.388,1,0.05600000000004002,BACKFILL_AUTO
2026-04-04 21:30:54,1775338254,R_25,3221.735,1,0.34700000000020736,BACKFILL_AUTO
2026-04-04 21:30:56,1775338256,R_25,3221.271,-1,0.4639999999999418,BACKFILL_AUTO
2026-04-04 21:30:58,1775338258,R_25,3221.07,-1,0.20100000000002183,BACKFILL_AUTO
2026-04-04 21:31:00,1775338260,R_25,3221.2,1,0.1299999999996544,BACKFILL_AUTO
2026-04-04 21:31:02,1775338262,R_25,3221.144,-1,0.05600000000004002,BACKFILL_AUTO
2026-04-04 21:31:04,1775338264,R_25,3221.117,-1,0.02699999999958891,BACKFILL_AUTO
2026-04-04 21:31:06,1775338266,R_25,3221.164,1,0.047000000000025466,BACKFILL_AUTO
2026-04-04 21:31:08,1775338268,R_25,3221.528,1,0.363999999999578,BACKFILL_AUTO
2026-04-04 21:31:10,1775338270,R_25,3221.429,-1,0.09899999999970532,BACKFILL_AUTO
2026-04-04 21:31:12,1775338272,R_25,3221.047,-1,0.38200000000006185,BACKFILL_AUTO
2026-04-04 21:31:14,1775338274,R_25,3221.023,-1,0.023999999999887223,BACKFILL_AUTO
2026-04-04 21:31:16,1775338276,R_25,3220.99,-1,0.03300000000035652,BACKFILL_AUTO
2026-04-04 21:31:18,1775338278,R_25,3221.385,1,0.39500000000043656,BACKFILL_AUTO
2026-04-04 21:31:20,1775338280,R_25,3221.236,-1,0.14900000000034197,BACKFILL_AUTO
2026-04-04 21:31:22,1775338282,R_25,3221.179,-1,0.056999999999789,BACKFILL_AUTO
2026-04-04 21:31:24,1775338284,R_25,3221.058,-1,0.12100000000009459,BACKFILL_AUTO
2026-04-04 21:31:26,1775338286,R_25,3221.038,-1,0.01999999999998181,BACKFILL_AUTO
2026-04-04 21:31:28,1775338288,R_25,3221.487,1,0.4490000000000691,BACKFILL_AUTO
2026-04-04 21:31:30,1775338290,R_25,3221.416,-1,0.07099999999991269,BACKFILL_AUTO
2026-04-04 21:31:32,1775338292,R_25,3221.649,1,0.23299999999971988,BACKFILL_AUTO
2026-04-04 21:31:34,1775338294,R_25,3221.429,-1,0.2199999999997999,BACKFILL_AUTO
2026-04-04 21:31:36,1775338296,R_25,3221.266,-1,0.16300000000001091,BACKFILL_AUTO
2026-04-04 21:31:38,1775338298,R_25,3221.412,1,0.1459999999997308,BACKFILL_AUTO
2026-04-04 21:31:40,1775338300,R_25,3221.932,1,0.5199999999999818,BACKFILL_AUTO
2026-04-04 21:31:42,1775338302,R_25,3221.878,-1,0.053999999999632564,BACKFILL_AUTO
2026-04-04 21:31:44,1775338304,R_25,3221.825,-1,0.05300000000033833,BACKFILL_AUTO
2026-04-04 21:31:46,1775338306,R_25,3221.804,-1,0.02099999999973079,BACKFILL_AUTO
2026-04-04 21:31:48,1775338308,R_25,3221.606,-1,0.1979999999998654,BACKFILL_AUTO
2026-04-04 21:31:50,1775338310,R_25,3221.55,-1,0.05600000000004002,BACKFILL_AUTO
2026-04-04 21:31:52,1775338312,R_25,3221.212,-1,0.3380000000001928,BACKFILL_AUTO
2026-04-04 21:31:54,1775338314,R_25,3221.198,-1,0.014000000000123691,BACKFILL_AUTO
2026-04-04 21:31:56,1775338316,R_25,3221.152,-1,0.04599999999982174,BACKFILL_AUTO
2026-04-04 21:31:58,1775338318,R_25,3221.389,1,0.23700000000008004,BACKFILL_AUTO
2026-04-04 21:32:00,1775338320,R_25,3221.451,1,0.06199999999989814,BACKFILL_AUTO
2026-04-04 21:32:02,1775338322,R_25,3221.403,-1,0.04800000000022919,BACKFILL_AUTO
2026-04-04 21:32:04,1775338324,R_25,3221.804,1,0.4010000000002947,BACKFILL_AUTO
2026-04-04 21:32:06,1775338326,R_25,3221.783,-1,0.021000000000185537,BACKFILL_AUTO
2026-04-04 21:32:08,1775338328,R_25,3221.842,1,0.05900000000019645,BACKFILL_AUTO
2026-04-04 21:32:10,1775338330,R_25,3221.936,1,0.09400000000005093,BACKFILL_AUTO
2026-04-04 21:32:12,1775338332,R_25,3222.019,1,0.08299999999962893,BACKFILL_AUTO
2026-04-04 21:32:14,1775338334,R_25,3221.93,-1,0.08899999999994179,BACKFILL_AUTO
2026-04-04 21:32:16,1775338336,R_25,3221.723,-1,0.20699999999987995,BACKFILL_AUTO
2026-04-04 21:32:18,1775338338,R_25,3221.643,-1,0.07999999999992724,BACKFILL_AUTO
2026-04-04 21:32:20,1775338340,R_25,3221.753,1,0.11000000000012733,BACKFILL_AUTO
2026-04-04 21:32:22,1775338342,R_25,3222.056,1,0.3029999999998836,BACKFILL_AUTO
2026-04-04 21:32:24,1775338344,R_25,3222.048,-1,0.008000000000265572,BACKFILL_AUTO
2026-04-04 21:32:26,1775338346,R_25,3222.059,1,0.011000000000422006,BACKFILL_AUTO
2026-04-04 21:32:28,1775338348,R_25,3222.239,1,0.1799999999998363,BACKFILL_AUTO
2026-04-04 21:32:30,1775338350,R_25,3222.605,1,0.36599999999998545,BACKFILL_AUTO
2026-04-04 21:32:32,1775338352,R_25,3222.5,-1,0.10500000000001819,BACKFILL_AUTO
2026-04-04 21:32:34,1775338354,R_25,3222.599,1,0.09900000000016007,BACKFILL_AUTO
2026-04-04 21:32:36,1775338356,R_25,3222.543,-1,0.05600000000004002,BACKFILL_AUTO
2026-04-04 21:32:38,1775338358,R_25,3222.763,1,0.2199999999997999,BACKFILL_AUTO
2026-04-04 21:32:40,1775338360,R_25,3222.483,-1,0.27999999999974534,BACKFILL_AUTO
2026-04-04 21:32:42,1775338362,R_25,3222.361,-1,0.12200000000029831,BACKFILL_AUTO
2026-04-04 21:32:44,1775338364,R_25,3222.076,-1,0.2849999999998545,BACKFILL_AUTO
2026-04-04 21:32:46,1775338366,R_25,3221.962,-1,0.11400000000003274,BACKFILL_AUTO
2026-04-04 21:32:48,1775338368,R_25,3221.754,-1,0.20800000000008367,BACKFILL_AUTO
2026-04-04 21:32:50,1775338370,R_25,3221.67,-1,0.08399999999983265,BACKFILL_AUTO
2026-04-04 21:32:52,1775338372,R_25,3221.405,-1,0.26499999999987267,BACKFILL_AUTO
2026-04-04 21:32:54,1775338374,R_25,3221.285,-1,0.12000000000034561,BACKFILL_AUTO
2026-04-04 21:32:56,1775338376,R_25,3221.388,1,0.10300000000006548,BACKFILL_AUTO
2026-04-04 21:32:58,1775338378,R_25,3221.844,1,0.45600000000013097,BACKFILL_AUTO
2026-04-04 21:33:00,1775338380,R_25,3221.844,0,0.0,BACKFILL_AUTO
2026-04-04 21:33:02,1775338382,R_25,3221.656,-1,0.18800000000010186,BACKFILL_AUTO
2026-04-04 21:33:04,1775338384,R_25,3221.671,1,0.01499999999987267,BACKFILL_AUTO
2026-04-04 21:33:06,1775338386,R_25,3221.886,1,0.21500000000014552,BACKFILL_AUTO
2026-04-04 21:33:08,1775338388,R_25,3221.765,-1,0.12100000000009459,BACKFILL_AUTO
2026-04-04 21:33:10,1775338390,R_25,3221.89,1,0.125,BACKFILL_AUTO
2026-04-04 21:33:12,1775338392,R_25,3221.997,1,0.1069999999999709,BACKFILL_AUTO
2026-04-04 21:33:14,1775338394,R_25,3221.973,-1,0.023999999999887223,BACKFILL_AUTO
2026-04-04 21:33:16,1775338396,R_25,3221.671,-1,0.3020000000001346,BACKFILL_AUTO
2026-04-04 21:33:18,1775338398,R_25,3221.539,-1,0.1319999999996071,BACKFILL_AUTO
2026-04-04 21:33:20,1775338400,R_25,3221.528,-1,0.011000000000422006,BACKFILL_AUTO
2026-04-04 21:33:22,1775338402,R_25,3221.546,1,0.018000000000029104,BACKFILL_AUTO
2026-04-04 21:33:24,1775338404,R_25,3221.365,-1,0.18100000000004002,BACKFILL_AUTO
2026-04-04 21:33:26,1775338406,R_25,3221.684,1,0.31900000000041473,BACKFILL_AUTO
2026-04-04 21:33:28,1775338408,R_25,3221.39,-1,0.2940000000003238,BACKFILL_AUTO
2026-04-04 21:33:30,1775338410,R_25,3221.55,1,0.16000000000030923,BACKFILL_AUTO
2026-04-04 21:33:32,1775338412,R_25,3221.755,1,0.20499999999992724,BACKFILL_AUTO
2026-04-04 21:33:34,1775338414,R_25,3221.434,-1,0.3209999999999127,BACKFILL_AUTO
2026-04-04 21:33:36,1775338416,R_25,3221.368,-1,0.0660000000002583,BACKFILL_AUTO
2026-04-04 21:33:38,1775338418,R_25,3221.409,1,0.04100000000016735,BACKFILL_AUTO
2026-04-04 21:33:40,1775338420,R_25,3221.578,1,0.16899999999986903,BACKFILL_AUTO
2026-04-04 21:33:42,1775338422,R_25,3221.76,1,0.18200000000024374,BACKFILL_AUTO
2026-04-04 21:33:44,1775338424,R_25,3221.537,-1,0.2230000000004111,BACKFILL_AUTO
2026-04-04 21:33:46,1775338426,R_25,3221.479,-1,0.057999999999992724,BACKFILL_AUTO
2026-04-04 21:33:48,1775338428,R_25,3221.319,-1,0.15999999999985448,BACKFILL_AUTO
2026-04-04 21:33:50,1775338430,R_25,3221.455,1,0.13599999999996726,BACKFILL_AUTO
2026-04-04 21:33:52,1775338432,R_25,3221.372,-1,0.08300000000008367,BACKFILL_AUTO
2026-04-04 21:33:54,1775338434,R_25,3221.29,-1,0.08199999999987995,BACKFILL_AUTO
2026-04-04 21:33:56,1775338436,R_25,3221.337,1,0.047000000000025466,BACKFILL_AUTO
2026-04-04 21:33:58,1775338438,R_25,3221.355,1,0.018000000000029104,BACKFILL_AUTO
2026-04-04 21:34:00,1775338440,R_25,3221.622,1,0.2669999999998254,BACKFILL_AUTO
2026-04-04 21:34:02,1775338442,R_25,3221.881,1,0.25900000000001455,BACKFILL_AUTO
2026-04-04 21:34:04,1775338444,R_25,3221.728,-1,0.15299999999979264,BACKFILL_AUTO
2026-04-04 21:34:06,1775338446,R_25,3221.509,-1,0.21900000000005093,BACKFILL_AUTO
2026-04-04 21:34:08,1775338448,R_25,3222.068,1,0.5590000000001965,BACKFILL_AUTO
2026-04-04 21:34:10,1775338450,R_25,3221.821,-1,0.24700000000029831,BACKFILL_AUTO
2026-04-04 21:34:12,1775338452,R_25,3221.982,1,0.1610000000000582,BACKFILL_AUTO
2026-04-04 21:34:14,1775338454,R_25,3221.808,-1,0.17399999999997817,BACKFILL_AUTO
2026-04-04 21:34:16,1775338456,R_25,3221.895,1,0.08699999999998909,BACKFILL_AUTO
2026-04-04 21:34:18,1775338458,R_25,3221.786,-1,0.1089999999999236,BACKFILL_AUTO
2026-04-04 21:34:20,1775338460,R_25,3222.316,1,0.5299999999997453,BACKFILL_AUTO
2026-04-04 21:34:22,1775338462,R_25,3222.734,1,0.41800000000012005,BACKFILL_AUTO
2026-04-04 21:34:24,1775338464,R_25,3222.461,-1,0.27300000000013824,BACKFILL_AUTO
2026-04-04 21:34:26,1775338466,R_25,3222.587,1,0.12600000000020373,BACKFILL_AUTO
2026-04-04 21:34:28,1775338468,R_25,3222.688,1,0.10100000000011278,BACKFILL_AUTO
2026-04-04 21:34:30,1775338470,R_25,3222.524,-1,0.16400000000021464,BACKFILL_AUTO
2026-04-04 21:34:32,1775338472,R_25,3222.29,-1,0.2339999999999236,BACKFILL_AUTO
2026-04-04 21:34:34,1775338474,R_25,3222.344,1,0.05400000000008731,BACKFILL_AUTO
2026-04-04 21:34:36,1775338476,R_25,3222.565,1,0.22100000000000364,BACKFILL_AUTO
2026-04-04 21:34:38,1775338478,R_25,3222.53,-1,0.03499999999985448,BACKFILL_AUTO
2026-04-04 21:34:40,1775338480,R_25,3222.629,1,0.09899999999970532,BACKFILL_AUTO
2026-04-04 21:34:42,1775338482,R_25,3222.666,1,0.037000000000261934,BACKFILL_AUTO
2026-04-04 21:34:44,1775338484,R_25,3222.488,-1,0.17800000000033833,BACKFILL_AUTO
2026-04-04 21:34:46,1775338486,R_25,3222.613,1,0.125,BACKFILL_AUTO
2026-04-04 21:34:48,1775338488,R_25,3222.945,1,0.3320000000003347,BACKFILL_AUTO
2026-04-04 21:34:50,1775338490,R_25,3222.786,-1,0.1590000000001055,BACKFILL_AUTO
2026-04-04 21:34:52,1775338492,R_25,3223.034,1,0.2480000000000473,BACKFILL_AUTO
2026-04-04 21:34:54,1775338494,R_25,3222.903,-1,0.13100000000031287,BACKFILL_AUTO
2026-04-04 21:34:56,1775338496,R_25,3223.022,1,0.11900000000014188,BACKFILL_AUTO
2026-04-04 21:34:58,1775338498,R_25,3223.087,1,0.06500000000005457,BACKFILL_AUTO
2026-04-04 21:35:00,1775338500,R_25,3223.193,1,0.10600000000022192,BACKFILL_AUTO
2026-04-04 21:35:02,1775338502,R_25,3223.188,-1,0.005000000000109139,BACKFILL_AUTO
2026-04-04 21:35:04,1775338504,R_25,3222.951,-1,0.23700000000008004,BACKFILL_AUTO
2026-04-04 21:35:06,1775338506,R_25,3222.96,1,0.009000000000014552,BACKFILL_AUTO
2026-04-04 21:35:08,1775338508,R_25,3222.895,-1,0.06500000000005457,BACKFILL_AUTO
2026-04-04 21:35:10,1775338510,R_25,3223.056,1,0.1610000000000582,BACKFILL_AUTO
2026-04-04 21:35:12,1775338512,R_25,3223.095,1,0.03899999999975989,BACKFILL_AUTO
2026-04-04 21:35:14,1775338514,R_25,3222.978,-1,0.11699999999973443,BACKFILL_AUTO
2026-04-04 21:35:16,1775338516,R_25,3223.051,1,0.0729999999998654,BACKFILL_AUTO
2026-04-04 21:35:18,1775338518,R_25,3223.289,1,0.23800000000028376,BACKFILL_AUTO
2026-04-04 21:35:20,1775338520,R_25,3223.409,1,0.11999999999989086,BACKFILL_AUTO
2026-04-04 21:35:22,1775338522,R_25,3223.569,1,0.15999999999985448,BACKFILL_AUTO
2026-04-04 21:35:24,1775338524,R_25,3223.713,1,0.14400000000023283,BACKFILL_AUTO
2026-04-04 21:35:26,1775338526,R_25,3223.927,1,0.2139999999999418,BACKFILL_AUTO
2026-04-04 21:35:28,1775338528,R_25,3223.948,1,0.02099999999973079,BACKFILL_AUTO
2026-04-04 21:35:30,1775338530,R_25,3224.18,1,0.2319999999999709,BACKFILL_AUTO
2026-04-04 21:35:32,1775338532,R_25,3224.276,1,0.09600000000000364,BACKFILL_AUTO
2026-04-04 21:35:34,1775338534,R_25,3223.911,-1,0.3649999999997817,BACKFILL_AUTO
2026-04-04 21:35:36,1775338536,R_25,3223.801,-1,0.11000000000012733,BACKFILL_AUTO
2026-04-04 21:35:38,1775338538,R_25,3223.521,-1,0.27999999999974534,BACKFILL_AUTO
2026-04-04 21:35:40,1775338540,R_25,3223.681,1,0.15999999999985448,BACKFILL_AUTO
2026-04-04 21:35:42,1775338542,R_25,3223.669,-1,0.012000000000170985,BACKFILL_AUTO
2026-04-04 21:35:44,1775338544,R_25,3223.717,1,0.04800000000022919,BACKFILL_AUTO
2026-04-04 21:35:46,1775338546,R_25,3223.891,1,0.17399999999997817,BACKFILL_AUTO
2026-04-04 21:35:48,1775338548,R_25,3224.028,1,0.13699999999971624,BACKFILL_AUTO
2026-04-04 21:35:50,1775338550,R_25,3224.095,1,0.06700000000000728,BACKFILL_AUTO
2026-04-04 21:35:52,1775338552,R_25,3224.142,1,0.047000000000025466,BACKFILL_AUTO
2026-04-04 21:35:54,1775338554,R_25,3224.304,1,0.16200000000026193,BACKFILL_AUTO
2026-04-04 21:35:56,1775338556,R_25,3224.214,-1,0.09000000000014552,BACKFILL_AUTO
2026-04-04 21:35:58,1775338558,R_25,3223.999,-1,0.21500000000014552,BACKFILL_AUTO
2026-04-04 21:36:00,1775338560,R_25,3223.954,-1,0.04499999999961801,BACKFILL_AUTO
2026-04-04 21:36:02,1775338562,R_25,3223.702,-1,0.2519999999999527,BACKFILL_AUTO
2026-04-04 21:36:04,1775338564,R_25,3223.523,-1,0.1790000000000873,BACKFILL_AUTO
2026-04-04 21:36:06,1775338566,R_25,3223.743,1,0.2199999999997999,BACKFILL_AUTO
2026-04-04 21:36:08,1775338568,R_25,3223.734,-1,0.009000000000014552,BACKFILL_AUTO
2026-04-04 21:36:10,1775338570,R_25,3224.007,1,0.27300000000013824,BACKFILL_AUTO
2026-04-04 21:36:12,1775338572,R_25,3223.71,-1,0.29700000000002547,BACKFILL_AUTO
2026-04-04 21:36:14,1775338574,R_25,3223.583,-1,0.1269999999999527,BACKFILL_AUTO
2026-04-04 21:36:16,1775338576,R_25,3223.687,1,0.10399999999981446,BACKFILL_AUTO
2026-04-04 21:36:18,1775338578,R_25,3223.301,-1,0.38599999999996726,BACKFILL_AUTO
2026-04-04 21:36:20,1775338580,R_25,3223.07,-1,0.23099999999976717,BACKFILL_AUTO
2026-04-04 21:36:22,1775338582,R_25,3223.181,1,0.11099999999987631,BACKFILL_AUTO
2026-04-04 21:36:24,1775338584,R_25,3223.02,-1,0.1610000000000582,BACKFILL_AUTO
2026-04-04 21:36:26,1775338586,R_25,3223.118,1,0.09799999999995634,BACKFILL_AUTO
2026-04-04 21:36:28,1775338588,R_25,3223.403,1,0.2849999999998545,BACKFILL_AUTO
2026-04-04 21:36:30,1775338590,R_25,3223.418,1,0.015000000000327418,BACKFILL_AUTO
2026-04-04 21:36:32,1775338592,R_25,3223.65,1,0.2319999999999709,BACKFILL_AUTO
2026-04-04 21:36:34,1775338594,R_25,3223.456,-1,0.19399999999995998,BACKFILL_AUTO
2026-04-04 21:36:36,1775338596,R_25,3223.683,1,0.22699999999986176,BACKFILL_AUTO
2026-04-04 21:36:38,1775338598,R_25,3223.87,1,0.18699999999989814,BACKFILL_AUTO
2026-04-04 21:36:40,1775338600,R_25,3224.041,1,0.1710000000002765,BACKFILL_AUTO
2026-04-04 21:36:42,1775338602,R_25,3224.36,1,0.31899999999996,BACKFILL_AUTO
2026-04-04 21:36:44,1775338604,R_25,3224.353,-1,0.007000000000061846,BACKFILL_AUTO
2026-04-04 21:36:46,1775338606,R_25,3224.48,1,0.1269999999999527,BACKFILL_AUTO
2026-04-04 21:36:48,1775338608,R_25,3224.403,-1,0.07700000000022555,BACKFILL_AUTO
2026-04-04 21:36:50,1775338610,R_25,3224.531,1,0.12800000000015643,BACKFILL_AUTO
2026-04-04 21:36:52,1775338612,R_25,3224.466,-1,0.06500000000005457,BACKFILL_AUTO
2026-04-04 21:36:54,1775338614,R_25,3224.192,-1,0.2739999999998872,BACKFILL_AUTO
2026-04-04 21:36:56,1775338616,R_25,3224.07,-1,0.12199999999984357,BACKFILL_AUTO
2026-04-04 21:36:58,1775338618,R_25,3223.995,-1,0.07500000000027285,BACKFILL_AUTO
2026-04-04 21:37:00,1775338620,R_25,3223.923,-1,0.07200000000011642,BACKFILL_AUTO
2026-04-04 21:37:02,1775338622,R_25,3223.763,-1,0.15999999999985448,BACKFILL_AUTO
2026-04-04 21:37:04,1775338624,R_25,3223.585,-1,0.17799999999988358,BACKFILL_AUTO
2026-04-04 21:37:06,1775338626,R_25,3223.906,1,0.3209999999999127,BACKFILL_AUTO
2026-04-04 21:37:08,1775338628,R_25,3224.074,1,0.16800000000012005,BACKFILL_AUTO
2026-04-04 21:37:10,1775338630,R_25,3223.894,-1,0.18000000000029104,BACKFILL_AUTO
2026-04-04 21:37:12,1775338632,R_25,3223.686,-1,0.20799999999962893,BACKFILL_AUTO
2026-04-04 21:37:14,1775338634,R_25,3223.652,-1,0.0340000000001055,BACKFILL_AUTO
2026-04-04 21:37:16,1775338636,R_25,3223.601,-1,0.05099999999993088,BACKFILL_AUTO
2026-04-04 21:37:18,1775338638,R_25,3223.729,1,0.12799999999970169,BACKFILL_AUTO
2026-04-04 21:37:20,1775338640,R_25,3223.608,-1,0.12099999999963984,BACKFILL_AUTO
2026-04-04 21:37:22,1775338642,R_25,3223.304,-1,0.3040000000000873,BACKFILL_AUTO
2026-04-04 21:37:24,1775338644,R_25,3223.258,-1,0.046000000000276486,BACKFILL_AUTO
2026-04-04 21:37:26,1775338646,R_25,3223.312,1,0.05400000000008731,BACKFILL_AUTO
2026-04-04 21:37:28,1775338648,R_25,3223.011,-1,0.3009999999999309,BACKFILL_AUTO
2026-04-04 21:37:30,1775338650,R_25,3222.894,-1,0.11700000000018917,BACKFILL_AUTO
2026-04-04 21:37:32,1775338652,R_25,3222.882,-1,0.011999999999716238,BACKFILL_AUTO
2026-04-04 21:37:34,1775338654,R_25,3223.039,1,0.1570000000001528,BACKFILL_AUTO
2026-04-04 21:37:36,1775338656,R_25,3223.063,1,0.023999999999887223,BACKFILL_AUTO
2026-04-04 21:37:38,1775338658,R_25,3222.953,-1,0.11000000000012733,BACKFILL_AUTO
2026-04-04 21:37:40,1775338660,R_25,3222.837,-1,0.11599999999998545,BACKFILL_AUTO
2026-04-04 21:37:42,1775338662,R_25,3222.972,1,0.13500000000021828,BACKFILL_AUTO
2026-04-04 21:37:44,1775338664,R_25,3222.911,-1,0.06100000000014916,BACKFILL_AUTO
2026-04-04 21:37:46,1775338666,R_25,3223.121,1,0.21000000000003638,BACKFILL_AUTO
2026-04-04 21:37:48,1775338668,R_25,3223.028,-1,0.09300000000030195,BACKFILL_AUTO
2026-04-04 21:37:50,1775338670,R_25,3223.127,1,0.09900000000016007,BACKFILL_AUTO
2026-04-04 21:37:52,1775338672,R_25,3223.081,-1,0.04599999999982174,BACKFILL_AUTO
2026-04-04 21:37:54,1775338674,R_25,3222.841,-1,0.24000000000023647,BACKFILL_AUTO
2026-04-04 21:37:56,1775338676,R_25,3222.896,1,0.05500000000029104,BACKFILL_AUTO
2026-04-04 21:37:58,1775338678,R_25,3222.929,1,0.032999999999901775,BACKFILL_AUTO
2026-04-04 21:38:00,1775338680,R_25,3222.86,-1,0.06899999999995998,BACKFILL_AUTO
2026-04-04 21:38:02,1775338682,R_25,3223.102,1,0.24199999999973443,BACKFILL_AUTO
2026-04-04 21:38:04,1775338684,R_25,3222.987,-1,0.11499999999978172,BACKFILL_AUTO
2026-04-04 21:38:06,1775338686,R_25,3222.912,-1,0.07500000000027285,BACKFILL_AUTO
2026-04-04 21:38:08,1775338688,R_25,3222.704,-1,0.20799999999962893,BACKFILL_AUTO
2026-04-04 21:38:10,1775338690,R_25,3222.792,1,0.08799999999973807,BACKFILL_AUTO
2026-04-04 21:38:12,1775338692,R_25,3222.535,-1,0.25700000000006185,BACKFILL_AUTO
2026-04-04 21:38:14,1775338694,R_25,3223.221,1,0.6860000000001492,BACKFILL_AUTO
2026-04-04 21:38:16,1775338696,R_25,3223.208,-1,0.012999999999919964,BACKFILL_AUTO
2026-04-04 21:38:18,1775338698,R_25,3223.527,1,0.31899999999996,BACKFILL_AUTO
2026-04-04 21:38:20,1775338700,R_25,3223.234,-1,0.29300000000012005,BACKFILL_AUTO
2026-04-04 21:38:22,1775338702,R_25,3223.354,1,0.11999999999989086,BACKFILL_AUTO
2026-04-04 21:38:24,1775338704,R_25,3223.182,-1,0.17200000000002547,BACKFILL_AUTO
2026-04-04 21:38:26,1775338706,R_25,3223.412,1,0.2300000000000182,BACKFILL_AUTO
2026-04-04 21:38:28,1775338708,R_25,3223.154,-1,0.2579999999998108,BACKFILL_AUTO
2026-04-04 21:38:30,1775338710,R_25,3223.096,-1,0.057999999999992724,BACKFILL_AUTO
2026-04-04 21:38:32,1775338712,R_25,3223.409,1,0.31300000000010186,BACKFILL_AUTO
2026-04-04 21:38:34,1775338714,R_25,3223.493,1,0.08399999999983265,BACKFILL_AUTO
2026-04-04 21:38:36,1775338716,R_25,3223.449,-1,0.04399999999986903,BACKFILL_AUTO
2026-04-04 21:38:38,1775338718,R_25,3223.39,-1,0.05900000000019645,BACKFILL_AUTO
2026-04-04 21:38:40,1775338720,R_25,3223.601,1,0.2110000000002401,BACKFILL_AUTO
2026-04-04 21:38:42,1775338722,R_25,3223.602,1,0.0009999999997489795,BACKFILL_AUTO
2026-04-04 21:38:44,1775338724,R_25,3223.754,1,0.15200000000004366,BACKFILL_AUTO
2026-04-04 21:38:46,1775338726,R_25,3223.764,1,0.010000000000218279,BACKFILL_AUTO
2026-04-04 21:38:48,1775338728,R_25,3223.706,-1,0.057999999999992724,BACKFILL_AUTO
2026-04-04 21:38:50,1775338730,R_25,3223.433,-1,0.27300000000013824,BACKFILL_AUTO
2026-04-04 21:38:52,1775338732,R_25,3223.215,-1,0.2179999999998472,BACKFILL_AUTO
2026-04-04 21:38:54,1775338734,R_25,3222.766,-1,0.4490000000000691,BACKFILL_AUTO
2026-04-04 21:38:56,1775338736,R_25,3222.738,-1,0.028000000000247383,BACKFILL_AUTO
2026-04-04 21:38:58,1775338738,R_25,3222.823,1,0.08500000000003638,BACKFILL_AUTO
2026-04-04 21:39:00,1775338740,R_25,3222.635,-1,0.18799999999964712,BACKFILL_AUTO
2026-04-04 21:39:02,1775338742,R_25,3222.619,-1,0.016000000000076398,BACKFILL_AUTO
2026-04-04 21:39:04,1775338744,R_25,3222.729,1,0.10999999999967258,BACKFILL_AUTO
2026-04-04 21:39:06,1775338746,R_25,3222.779,1,0.0500000000001819,BACKFILL_AUTO
2026-04-04 21:39:08,1775338748,R_25,3222.541,-1,0.23799999999982901,BACKFILL_AUTO
2026-04-04 21:39:10,1775338750,R_25,3222.67,1,0.1289999999999054,BACKFILL_AUTO
2026-04-04 21:39:12,1775338752,R_25,3222.873,1,0.20299999999997453,BACKFILL_AUTO
2026-04-04 21:39:14,1775338754,R_25,3222.907,1,0.0340000000001055,BACKFILL_AUTO
2026-04-04 21:39:16,1775338756,R_25,3222.847,-1,0.05999999999994543,BACKFILL_AUTO
2026-04-04 21:39:18,1775338758,R_25,3222.609,-1,0.23800000000028376,BACKFILL_AUTO
2026-04-04 21:39:20,1775338760,R_25,3222.949,1,0.3400000000001455,BACKFILL_AUTO
2026-04-04 21:39:22,1775338762,R_25,3223.415,1,0.4659999999998945,BACKFILL_AUTO
2026-04-04 21:39:24,1775338764,R_25,3223.376,-1,0.03899999999975989,BACKFILL_AUTO
2026-04-04 21:39:26,1775338766,R_25,3223.274,-1,0.1020000000003165,BACKFILL_AUTO
2026-04-04 21:39:28,1775338768,R_25,3223.036,-1,0.23799999999982901,BACKFILL_AUTO
2026-04-04 21:39:30,1775338770,R_25,3222.949,-1,0.08699999999998909,BACKFILL_AUTO
2026-04-04 21:39:32,1775338772,R_25,3223.109,1,0.15999999999985448,BACKFILL_AUTO
2026-04-04 21:39:34,1775338774,R_25,3223.388,1,0.27899999999999636,BACKFILL_AUTO
2026-04-04 21:39:36,1775338776,R_25,3223.672,1,0.2840000000001055,BACKFILL_AUTO
2026-04-04 21:39:38,1775338778,R_25,3223.85,1,0.17799999999988358,BACKFILL_AUTO
2026-04-04 21:39:40,1775338780,R_25,3223.602,-1,0.2480000000000473,BACKFILL_AUTO
2026-04-04 21:39:42,1775338782,R_25,3223.527,-1,0.0749999999998181,BACKFILL_AUTO
2026-04-04 21:39:44,1775338784,R_25,3223.496,-1,0.03099999999994907,BACKFILL_AUTO
2026-04-04 21:39:46,1775338786,R_25,3223.375,-1,0.12100000000009459,BACKFILL_AUTO
2026-04-04 21:39:48,1775338788,R_25,3223.461,1,0.08599999999978536,BACKFILL_AUTO
2026-04-04 21:39:50,1775338790,R_25,3223.477,1,0.016000000000076398,BACKFILL_AUTO
2026-04-04 21:39:52,1775338792,R_25,3223.526,1,0.04899999999997817,BACKFILL_AUTO
2026-04-04 21:39:54,1775338794,R_25,3223.712,1,0.18600000000014916,BACKFILL_AUTO
2026-04-04 21:39:56,1775338796,R_25,3223.687,-1,0.02500000000009095,BACKFILL_AUTO
2026-04-04 21:39:58,1775338798,R_25,3223.308,-1,0.3789999999999054,BACKFILL_AUTO
2026-04-04 21:40:00,1775338800,R_25,3223.364,1,0.05600000000004002,BACKFILL_AUTO
2026-04-04 21:40:02,1775338802,R_25,3223.26,-1,0.10399999999981446,BACKFILL_AUTO
2026-04-04 21:40:04,1775338804,R_25,3223.003,-1,0.25700000000006185,BACKFILL_AUTO
2026-04-04 21:40:06,1775338806,R_25,3222.822,-1,0.18100000000004002,BACKFILL_AUTO
2026-04-04 21:40:08,1775338808,R_25,3222.816,-1,0.006000000000312866,BACKFILL_AUTO
2026-04-04 21:40:10,1775338810,R_25,3223.081,1,0.2650000000003274,BACKFILL_AUTO
2026-04-04 21:40:12,1775338812,R_25,3222.759,-1,0.3220000000001164,BACKFILL_AUTO
2026-04-04 21:40:14,1775338814,R_25,3222.674,-1,0.08500000000003638,BACKFILL_AUTO
2026-04-04 21:40:16,1775338816,R_25,3222.549,-1,0.125,BACKFILL_AUTO
2026-04-04 21:40:18,1775338818,R_25,3222.575,1,0.02599999999983993,BACKFILL_AUTO
2026-04-04 21:40:20,1775338820,R_25,3222.939,1,0.36400000000003274,BACKFILL_AUTO
2026-04-04 21:40:22,1775338822,R_25,3222.708,-1,0.23099999999976717,BACKFILL_AUTO
2026-04-04 21:40:24,1775338824,R_25,3222.971,1,0.26299999999991996,BACKFILL_AUTO
2026-04-04 21:40:26,1775338826,R_25,3222.754,-1,0.21700000000009823,BACKFILL_AUTO
2026-04-04 21:40:28,1775338828,R_25,3222.846,1,0.09200000000009823,BACKFILL_AUTO
2026-04-04 21:40:30,1775338830,R_25,3222.831,-1,0.01499999999987267,BACKFILL_AUTO
2026-04-04 21:40:32,1775338832,R_25,3222.966,1,0.13499999999976353,BACKFILL_AUTO
2026-04-04 21:40:34,1775338834,R_25,3223.168,1,0.20200000000022555,BACKFILL_AUTO
2026-04-04 21:40:36,1775338836,R_25,3223.222,1,0.05400000000008731,BACKFILL_AUTO
2026-04-04 21:40:38,1775338838,R_25,3223.058,-1,0.16400000000021464,BACKFILL_AUTO
2026-04-04 21:40:40,1775338840,R_25,3223.07,1,0.012000000000170985,BACKFILL_AUTO
2026-04-04 21:40:42,1775338842,R_25,3223.367,1,0.29700000000002547,BACKFILL_AUTO
2026-04-04 21:40:44,1775338844,R_25,3223.195,-1,0.17200000000002547,BACKFILL_AUTO
2026-04-04 21:40:46,1775338846,R_25,3222.967,-1,0.22800000000006548,BACKFILL_AUTO
2026-04-04 21:40:48,1775338848,R_25,3222.926,-1,0.04100000000016735,BACKFILL_AUTO
2026-04-04 21:40:50,1775338850,R_25,3223.121,1,0.1950000000001637,BACKFILL_AUTO
2026-04-04 21:40:52,1775338852,R_25,3222.99,-1,0.13100000000031287,BACKFILL_AUTO
2026-04-04 21:40:54,1775338854,R_25,3223.071,1,0.08100000000013097,BACKFILL_AUTO
2026-04-04 21:40:56,1775338856,R_25,3223.092,1,0.021000000000185537,BACKFILL_AUTO
2026-04-04 21:40:58,1775338858,R_25,3223.273,1,0.18100000000004002,BACKFILL_AUTO
2026-04-04 21:41:00,1775338860,R_25,3223.067,-1,0.20600000000013097,BACKFILL_AUTO
2026-04-04 21:41:02,1775338862,R_25,3223.174,1,0.1069999999999709,BACKFILL_AUTO
2026-04-04 21:41:04,1775338864,R_25,3223.388,1,0.2139999999999418,BACKFILL_AUTO
2026-04-04 21:41:06,1775338866,R_25,3223.408,1,0.01999999999998181,BACKFILL_AUTO
2026-04-04 21:41:08,1775338868,R_25,3223.413,1,0.005000000000109139,BACKFILL_AUTO
2026-04-04 21:41:10,1775338870,R_25,3223.359,-1,0.05400000000008731,BACKFILL_AUTO
2026-04-04 21:41:12,1775338872,R_25,3223.709,1,0.34999999999990905,BACKFILL_AUTO
2026-04-04 21:41:14,1775338874,R_25,3223.95,1,0.24099999999998545,BACKFILL_AUTO
2026-04-04 21:41:16,1775338876,R_25,3224.1,1,0.15000000000009095,BACKFILL_AUTO
2026-04-04 21:41:18,1775338878,R_25,3223.953,-1,0.14699999999993452,BACKFILL_AUTO
2026-04-04 21:41:20,1775338880,R_25,3224.006,1,0.052999999999883585,BACKFILL_AUTO
2026-04-04 21:41:22,1775338882,R_25,3223.87,-1,0.13599999999996726,BACKFILL_AUTO
2026-04-04 21:41:24,1775338884,R_25,3223.953,1,0.08300000000008367,BACKFILL_AUTO
2026-04-04 21:41:26,1775338886,R_25,3224.068,1,0.11500000000023647,BACKFILL_AUTO
2026-04-04 21:41:28,1775338888,R_25,3224.122,1,0.053999999999632564,BACKFILL_AUTO
2026-04-04 21:41:30,1775338890,R_25,3224.086,-1,0.03600000000005821,BACKFILL_AUTO
2026-04-04 21:41:32,1775338892,R_25,3224.217,1,0.13100000000031287,BACKFILL_AUTO
2026-04-04 21:41:34,1775338894,R_25,3224.359,1,0.14199999999982538,BACKFILL_AUTO
2026-04-04 21:41:36,1775338896,R_25,3224.487,1,0.12800000000015643,BACKFILL_AUTO
2026-04-04 21:41:38,1775338898,R_25,3224.604,1,0.11699999999973443,BACKFILL_AUTO
2026-04-04 21:41:40,1775338900,R_25,3224.665,1,0.06100000000014916,BACKFILL_AUTO
2026-04-04 21:41:42,1775338902,R_25,3224.764,1,0.09900000000016007,BACKFILL_AUTO
2026-04-04 21:41:44,1775338904,R_25,3224.714,-1,0.0500000000001819,BACKFILL_AUTO
2026-04-04 21:41:46,1775338906,R_25,3224.415,-1,0.29899999999997817,BACKFILL_AUTO
2026-04-04 21:41:48,1775338908,R_25,3224.439,1,0.023999999999887223,BACKFILL_AUTO
2026-04-04 21:41:50,1775338910,R_25,3224.297,-1,0.14199999999982538,BACKFILL_AUTO
2026-04-04 21:41:52,1775338912,R_25,3224.325,1,0.027999999999792635,BACKFILL_AUTO
2026-04-04 21:41:54,1775338914,R_25,3224.439,1,0.11400000000003274,BACKFILL_AUTO
2026-04-04 21:41:56,1775338916,R_25,3224.714,1,0.27500000000009095,BACKFILL_AUTO
2026-04-04 21:41:58,1775338918,R_25,3224.712,-1,0.0019999999999527063,BACKFILL_AUTO
2026-04-04 21:42:00,1775338920,R_25,3224.985,1,0.27300000000013824,BACKFILL_AUTO
2026-04-04 21:42:02,1775338922,R_25,3225.144,1,0.15899999999965075,BACKFILL_AUTO
2026-04-04 21:42:04,1775338924,R_25,3224.971,-1,0.17299999999977445,BACKFILL_AUTO
2026-04-04 21:42:06,1775338926,R_25,3224.938,-1,0.032999999999901775,BACKFILL_AUTO
2026-04-04 21:42:08,1775338928,R_25,3225.264,1,0.32600000000002183,BACKFILL_AUTO
2026-04-04 21:42:10,1775338930,R_25,3225.251,-1,0.012999999999919964,BACKFILL_AUTO
2026-04-04 21:42:12,1775338932,R_25,3225.592,1,0.3409999999998945,BACKFILL_AUTO
2026-04-04 21:42:14,1775338934,R_25,3225.675,1,0.08300000000008367,BACKFILL_AUTO
2026-04-04 21:42:16,1775338936,R_25,3225.596,-1,0.07900000000017826,BACKFILL_AUTO
2026-04-04 21:42:18,1775338938,R_25,3225.485,-1,0.11099999999987631,BACKFILL_AUTO
2026-04-04 21:42:20,1775338940,R_25,3225.605,1,0.11999999999989086,BACKFILL_AUTO
2026-04-04 21:42:22,1775338942,R_25,3225.931,1,0.32600000000002183,BACKFILL_AUTO
2026-04-04 21:42:24,1775338944,R_25,3226.23,1,0.29899999999997817,BACKFILL_AUTO
2026-04-04 21:42:26,1775338946,R_25,3226.254,1,0.023999999999887223,BACKFILL_AUTO
2026-04-04 21:42:28,1775338948,R_25,3226.335,1,0.08100000000013097,BACKFILL_AUTO
2026-04-04 21:42:30,1775338950,R_25,3226.201,-1,0.13400000000001455,BACKFILL_AUTO
2026-04-04 21:42:32,1775338952,R_25,3226.124,-1,0.07700000000022555,BACKFILL_AUTO
2026-04-04 21:42:34,1775338954,R_25,3226.383,1,0.25900000000001455,BACKFILL_AUTO
2026-04-04 21:42:36,1775338956,R_25,3226.2,-1,0.18299999999999272,BACKFILL_AUTO
2026-04-04 21:42:38,1775338958,R_25,3226.08,-1,0.11999999999989086,BACKFILL_AUTO
2026-04-04 21:42:40,1775338960,R_25,3225.962,-1,0.11799999999993815,BACKFILL_AUTO
2026-04-04 21:42:42,1775338962,R_25,3226.043,1,0.08100000000013097,BACKFILL_AUTO
2026-04-04 21:42:44,1775338964,R_25,3225.516,-1,0.5270000000000437,BACKFILL_AUTO
2026-04-04 21:42:46,1775338966,R_25,3225.532,1,0.016000000000076398,BACKFILL_AUTO
2026-04-04 21:42:48,1775338968,R_25,3225.576,1,0.04399999999986903,BACKFILL_AUTO
2026-04-04 21:42:50,1775338970,R_25,3225.395,-1,0.18100000000004002,BACKFILL_AUTO
2026-04-04 21:42:52,1775338972,R_25,3225.27,-1,0.125,BACKFILL_AUTO
2026-04-04 21:42:54,1775338974,R_25,3225.101,-1,0.16899999999986903,BACKFILL_AUTO
2026-04-04 21:42:56,1775338976,R_25,3225.149,1,0.047999999999774445,BACKFILL_AUTO
2026-04-04 21:42:58,1775338978,R_25,3225.281,1,0.13200000000006185,BACKFILL_AUTO
2026-04-04 21:43:00,1775338980,R_25,3225.345,1,0.06399999999985084,BACKFILL_AUTO
2026-04-04 21:43:02,1775338982,R_25,3225.251,-1,0.09399999999959618,BACKFILL_AUTO
2026-04-04 21:43:04,1775338984,R_25,3225.127,-1,0.12400000000025102,BACKFILL_AUTO
2026-04-04 21:43:06,1775338986,R_25,3225.348,1,0.22100000000000364,BACKFILL_AUTO
2026-04-04 21:43:08,1775338988,R_25,3225.621,1,0.27300000000013824,BACKFILL_AUTO
2026-04-04 21:43:10,1775338990,R_25,3225.921,1,0.29999999999972715,BACKFILL_AUTO
2026-04-04 21:43:12,1775338992,R_25,3226.033,1,0.11200000000008004,BACKFILL_AUTO
2026-04-04 21:43:14,1775338994,R_25,3226.404,1,0.3710000000000946,BACKFILL_AUTO
2026-04-04 21:43:16,1775338996,R_25,3226.422,1,0.018000000000029104,BACKFILL_AUTO
2026-04-04 21:43:18,1775338998,R_25,3226.731,1,0.30900000000019645,BACKFILL_AUTO
2026-04-04 21:43:20,1775339000,R_25,3226.829,1,0.09799999999995634,BACKFILL_AUTO
2026-04-04 21:43:22,1775339002,R_25,3226.633,-1,0.19600000000036744,BACKFILL_AUTO
2026-04-04 21:43:24,1775339004,R_25,3227.25,1,0.6170000000001892,BACKFILL_AUTO
2026-04-04 21:43:26,1775339006,R_25,3227.465,1,0.21500000000014552,BACKFILL_AUTO
2026-04-04 21:43:28,1775339008,R_25,3227.518,1,0.052999999999883585,BACKFILL_AUTO
2026-04-04 21:43:30,1775339010,R_25,3227.31,-1,0.20800000000008367,BACKFILL_AUTO
2026-04-04 21:43:32,1775339012,R_25,3227.34,1,0.03000000000020009,BACKFILL_AUTO
2026-04-04 21:43:34,1775339014,R_25,3227.606,1,0.2660000000000764,BACKFILL_AUTO
2026-04-04 21:43:36,1775339016,R_25,3227.964,1,0.3579999999997199,BACKFILL_AUTO
2026-04-04 21:43:38,1775339018,R_25,3227.944,-1,0.01999999999998181,BACKFILL_AUTO
2026-04-04 21:43:40,1775339020,R_25,3227.714,-1,0.2300000000000182,BACKFILL_AUTO
2026-04-04 21:43:42,1775339022,R_25,3227.89,1,0.17599999999993088,BACKFILL_AUTO
2026-04-04 21:43:44,1775339024,R_25,3228.065,1,0.1750000000001819,BACKFILL_AUTO
2026-04-04 21:43:46,1775339026,R_25,3228.191,1,0.12599999999974898,BACKFILL_AUTO
2026-04-04 21:43:48,1775339028,R_25,3227.969,-1,0.22199999999975262,BACKFILL_AUTO
2026-04-04 21:43:50,1775339030,R_25,3227.728,-1,0.24099999999998545,BACKFILL_AUTO
2026-04-04 21:43:52,1775339032,R_25,3227.609,-1,0.11900000000014188,BACKFILL_AUTO
2026-04-04 21:43:54,1775339034,R_25,3227.982,1,0.3730000000000473,BACKFILL_AUTO
2026-04-04 21:43:56,1775339036,R_25,3227.743,-1,0.23900000000003274,BACKFILL_AUTO
2026-04-04 21:43:58,1775339038,R_25,3227.549,-1,0.19399999999995998,BACKFILL_AUTO
2026-04-04 21:44:00,1775339040,R_25,3227.346,-1,0.20299999999997453,BACKFILL_AUTO
2026-04-04 21:44:02,1775339042,R_25,3227.428,1,0.08199999999987995,BACKFILL_AUTO
2026-04-04 21:44:04,1775339044,R_25,3226.944,-1,0.4839999999999236,BACKFILL_AUTO
2026-04-04 21:44:06,1775339046,R_25,3226.927,-1,0.016999999999825377,BACKFILL_AUTO
2026-04-04 21:44:08,1775339048,R_25,3227.026,1,0.09899999999970532,BACKFILL_AUTO
2026-04-04 21:44:10,1775339050,R_25,3227.193,1,0.16700000000037107,BACKFILL_AUTO
2026-04-04 21:44:12,1775339052,R_25,3227.04,-1,0.15300000000024738,BACKFILL_AUTO
2026-04-04 21:44:14,1775339054,R_25,3227.292,1,0.2519999999999527,BACKFILL_AUTO
2026-04-04 21:44:16,1775339056,R_25,3227.142,-1,0.15000000000009095,BACKFILL_AUTO
2026-04-04 21:44:18,1775339058,R_25,3227.137,-1,0.004999999999654392,BACKFILL_AUTO
2026-04-04 21:44:20,1775339060,R_25,3227.268,1,0.13099999999985812,BACKFILL_AUTO
2026-04-04 21:44:22,1775339062,R_25,3227.03,-1,0.23799999999982901,BACKFILL_AUTO
2026-04-04 21:44:24,1775339064,R_25,3226.906,-1,0.12400000000025102,BACKFILL_AUTO
2026-04-04 21:44:26,1775339066,R_25,3226.695,-1,0.21099999999978536,BACKFILL_AUTO
2026-04-04 21:44:28,1775339068,R_25,3226.414,-1,0.28099999999994907,BACKFILL_AUTO
2026-04-04 21:44:30,1775339070,R_25,3226.77,1,0.35599999999976717,BACKFILL_AUTO
2026-04-04 21:44:32,1775339072,R_25,3226.99,1,0.2199999999997999,BACKFILL_AUTO
2026-04-04 21:44:34,1775339074,R_25,3226.562,-1,0.4279999999998836,BACKFILL_AUTO
2026-04-04 21:44:36,1775339076,R_25,3226.36,-1,0.2019999999997708,BACKFILL_AUTO
2026-04-04 21:44:38,1775339078,R_25,3226.439,1,0.07899999999972351,BACKFILL_AUTO
2026-04-04 21:44:40,1775339080,R_25,3226.46,1,0.021000000000185537,BACKFILL_AUTO
2026-04-04 21:44:42,1775339082,R_25,3226.104,-1,0.3560000000002219,BACKFILL_AUTO
2026-04-04 21:44:44,1775339084,R_25,3225.967,-1,0.13699999999971624,BACKFILL_AUTO
2026-04-04 21:44:46,1775339086,R_25,3225.708,-1,0.25900000000001455,BACKFILL_AUTO
2026-04-04 21:44:48,1775339088,R_25,3225.706,-1,0.0019999999999527063,BACKFILL_AUTO
2026-04-04 21:44:50,1775339090,R_25,3225.667,-1,0.03900000000021464,BACKFILL_AUTO
2026-04-04 21:44:52,1775339092,R_25,3225.284,-1,0.3829999999998108,BACKFILL_AUTO
2026-04-04 21:44:54,1775339094,R_25,3224.95,-1,0.3340000000002874,BACKFILL_AUTO
2026-04-04 21:44:56,1775339096,R_25,3225.053,1,0.10300000000006548,BACKFILL_AUTO
2026-04-04 21:44:58,1775339098,R_25,3224.533,-1,0.5199999999999818,BACKFILL_AUTO
2026-04-04 21:45:00,1775339100,R_25,3224.151,-1,0.38200000000006185,BACKFILL_AUTO
2026-04-04 21:45:02,1775339102,R_25,3224.347,1,0.19600000000036744,BACKFILL_AUTO
2026-04-04 21:45:04,1775339104,R_25,3224.283,-1,0.06400000000030559,BACKFILL_AUTO
2026-04-04 21:45:06,1775339106,R_25,3224.519,1,0.2359999999998763,BACKFILL_AUTO
2026-04-04 21:45:08,1775339108,R_25,3225.116,1,0.5970000000002074,BACKFILL_AUTO
2026-04-04 21:45:10,1775339110,R_25,3225.357,1,0.24099999999998545,BACKFILL_AUTO
2026-04-04 21:45:12,1775339112,R_25,3225.362,1,0.005000000000109139,BACKFILL_AUTO
2026-04-04 21:45:14,1775339114,R_25,3225.319,-1,0.04300000000012005,BACKFILL_AUTO
2026-04-04 21:45:16,1775339116,R_25,3225.412,1,0.0929999999998472,BACKFILL_AUTO
2026-04-04 21:45:18,1775339118,R_25,3225.349,-1,0.06299999999964712,BACKFILL_AUTO
2026-04-04 21:45:20,1775339120,R_25,3225.514,1,0.16499999999996362,BACKFILL_AUTO
2026-04-04 21:45:22,1775339122,R_25,3225.481,-1,0.032999999999901775,BACKFILL_AUTO
2026-04-04 21:45:24,1775339124,R_25,3225.373,-1,0.10800000000017462,BACKFILL_AUTO
2026-04-04 21:45:26,1775339126,R_25,3225.292,-1,0.08100000000013097,BACKFILL_AUTO
2026-04-04 21:45:28,1775339128,R_25,3225.363,1,0.07099999999991269,BACKFILL_AUTO
2026-04-04 21:45:30,1775339130,R_25,3225.28,-1,0.08299999999962893,BACKFILL_AUTO
2026-04-04 21:45:32,1775339132,R_25,3225.13,-1,0.15000000000009095,BACKFILL_AUTO
2026-04-04 21:45:34,1775339134,R_25,3225.215,1,0.08500000000003638,BACKFILL_AUTO
2026-04-04 21:45:36,1775339136,R_25,3225.2,-1,0.015000000000327418,BACKFILL_AUTO
2026-04-04 21:45:38,1775339138,R_25,3225.433,1,0.23300000000017462,BACKFILL_AUTO
2026-04-04 21:45:40,1775339140,R_25,3225.365,-1,0.068000000000211,BACKFILL_AUTO
2026-04-04 21:45:42,1775339142,R_25,3225.368,1,0.003000000000156433,BACKFILL_AUTO
2026-04-04 21:45:44,1775339144,R_25,3225.225,-1,0.1430000000000291,BACKFILL_AUTO
2026-04-04 21:45:46,1775339146,R_25,3225.239,1,0.014000000000123691,BACKFILL_AUTO
2026-04-04 21:45:48,1775339148,R_25,3224.832,-1,0.4070000000001528,BACKFILL_AUTO
2026-04-04 21:45:50,1775339150,R_25,3224.722,-1,0.10999999999967258,BACKFILL_AUTO
2026-04-04 21:45:52,1775339152,R_25,3224.62,-1,0.1020000000003165,BACKFILL_AUTO
2026-04-04 21:45:54,1775339154,R_25,3224.406,-1,0.2139999999999418,BACKFILL_AUTO
2026-04-04 21:45:56,1775339156,R_25,3224.279,-1,0.1269999999999527,BACKFILL_AUTO
2026-04-04 21:45:58,1775339158,R_25,3224.43,1,0.15099999999983993,BACKFILL_AUTO
2026-04-04 21:46:00,1775339160,R_25,3224.061,-1,0.36899999999968713,BACKFILL_AUTO
2026-04-04 21:46:02,1775339162,R_25,3223.809,-1,0.2519999999999527,BACKFILL_AUTO
2026-04-04 21:46:04,1775339164,R_25,3223.8,-1,0.009000000000014552,BACKFILL_AUTO
2026-04-04 21:46:06,1775339166,R_25,3223.876,1,0.07600000000002183,BACKFILL_AUTO
2026-04-04 21:46:08,1775339168,R_25,3223.727,-1,0.14900000000034197,BACKFILL_AUTO
2026-04-04 21:46:10,1775339170,R_25,3223.742,1,0.015000000000327418,BACKFILL_AUTO
2026-04-04 21:46:12,1775339172,R_25,3223.915,1,0.17299999999977445,BACKFILL_AUTO
2026-04-04 21:46:14,1775339174,R_25,3223.579,-1,0.33599999999978536,BACKFILL_AUTO
2026-04-04 21:46:16,1775339176,R_25,3223.549,-1,0.03000000000020009,BACKFILL_AUTO
2026-04-04 21:46:18,1775339178,R_25,3223.26,-1,0.2889999999997599,BACKFILL_AUTO
2026-04-04 21:46:20,1775339180,R_25,3223.514,1,0.2539999999999054,BACKFILL_AUTO
2026-04-04 21:46:22,1775339182,R_25,3223.576,1,0.06199999999989814,BACKFILL_AUTO
2026-04-04 21:46:24,1775339184,R_25,3223.898,1,0.3220000000001164,BACKFILL_AUTO
2026-04-04 21:46:26,1775339186,R_25,3224.003,1,0.10500000000001819,BACKFILL_AUTO
2026-04-04 21:46:28,1775339188,R_25,3224.15,1,0.14699999999993452,BACKFILL_AUTO
2026-04-04 21:46:30,1775339190,R_25,3224.624,1,0.4739999999997053,BACKFILL_AUTO
2026-04-04 21:46:32,1775339192,R_25,3224.612,-1,0.011999999999716238,BACKFILL_AUTO
2026-04-04 21:46:34,1775339194,R_25,3224.821,1,0.20899999999983265,BACKFILL_AUTO
2026-04-04 21:46:36,1775339196,R_25,3224.869,1,0.04800000000022919,BACKFILL_AUTO
2026-04-04 21:46:38,1775339198,R_25,3224.61,-1,0.25900000000001455,BACKFILL_AUTO
2026-04-04 21:46:40,1775339200,R_25,3224.879,1,0.2689999999997781,BACKFILL_AUTO
2026-04-04 21:46:42,1775339202,R_25,3225.294,1,0.4149999999999636,BACKFILL_AUTO
2026-04-04 21:46:44,1775339204,R_25,3225.675,1,0.38100000000031287,BACKFILL_AUTO
2026-04-04 21:46:46,1775339206,R_25,3225.653,-1,0.022000000000389264,BACKFILL_AUTO
2026-04-04 21:46:48,1775339208,R_25,3225.599,-1,0.053999999999632564,BACKFILL_AUTO
2026-04-04 21:46:50,1775339210,R_25,3225.386,-1,0.2130000000001928,BACKFILL_AUTO
2026-04-04 21:46:52,1775339212,R_25,3225.511,1,0.125,BACKFILL_AUTO
2026-04-04 21:46:54,1775339214,R_25,3225.772,1,0.26099999999996726,BACKFILL_AUTO
2026-04-04 21:46:56,1775339216,R_25,3225.886,1,0.11400000000003274,BACKFILL_AUTO
2026-04-04 21:46:58,1775339218,R_25,3225.698,-1,0.18800000000010186,BACKFILL_AUTO
2026-04-04 21:47:00,1775339220,R_25,3225.956,1,0.2580000000002656,BACKFILL_AUTO
2026-04-04 21:47:02,1775339222,R_25,3225.93,-1,0.026000000000294676,BACKFILL_AUTO
2026-04-04 21:47:04,1775339224,R_25,3226.001,1,0.07100000000036744,BACKFILL_AUTO
2026-04-04 21:47:06,1775339226,R_25,3226.059,1,0.057999999999992724,BACKFILL_AUTO
2026-04-04 21:47:08,1775339228,R_25,3226.13,1,0.07099999999991269,BACKFILL_AUTO
2026-04-04 21:47:10,1775339230,R_25,3226.133,1,0.0029999999997016857,BACKFILL_AUTO
2026-04-04 21:47:12,1775339232,R_25,3226.157,1,0.02400000000034197,BACKFILL_AUTO
2026-04-04 21:47:14,1775339234,R_25,3226.278,1,0.12099999999963984,BACKFILL_AUTO
2026-04-04 21:47:16,1775339236,R_25,3226.084,-1,0.19399999999995998,BACKFILL_AUTO
2026-04-04 21:47:18,1775339238,R_25,3225.982,-1,0.10199999999986176,BACKFILL_AUTO
2026-04-04 21:47:20,1775339240,R_25,3225.73,-1,0.2519999999999527,BACKFILL_AUTO
2026-04-04 21:47:22,1775339242,R_25,3225.896,1,0.16600000000016735,BACKFILL_AUTO
2026-04-04 21:47:24,1775339244,R_25,3226.124,1,0.22799999999961074,BACKFILL_AUTO
2026-04-04 21:47:26,1775339246,R_25,3226.147,1,0.023000000000138243,BACKFILL_AUTO
2026-04-04 21:47:28,1775339248,R_25,3226.008,-1,0.1390000000001237,BACKFILL_AUTO
2026-04-04 21:47:30,1775339250,R_25,3226.317,1,0.30900000000019645,BACKFILL_AUTO
2026-04-04 21:47:32,1775339252,R_25,3226.194,-1,0.1230000000000473,BACKFILL_AUTO
2026-04-04 21:47:34,1775339254,R_25,3226.012,-1,0.181999999999789,BACKFILL_AUTO
2026-04-04 21:47:36,1775339256,R_25,3225.881,-1,0.13100000000031287,BACKFILL_AUTO
2026-04-04 21:47:38,1775339258,R_25,3226.305,1,0.42399999999997817,BACKFILL_AUTO
2026-04-04 21:47:40,1775339260,R_25,3226.453,1,0.14800000000013824,BACKFILL_AUTO
2026-04-04 21:47:42,1775339262,R_25,3226.613,1,0.15999999999985448,BACKFILL_AUTO
2026-04-04 21:47:44,1775339264,R_25,3226.877,1,0.2640000000001237,BACKFILL_AUTO
2026-04-04 21:47:46,1775339266,R_25,3227.186,1,0.30900000000019645,BACKFILL_AUTO
2026-04-04 21:47:48,1775339268,R_25,3226.862,-1,0.3240000000000691,BACKFILL_AUTO
2026-04-04 21:47:50,1775339270,R_25,3226.821,-1,0.04100000000016735,BACKFILL_AUTO
2026-04-04 21:47:52,1775339272,R_25,3226.897,1,0.07600000000002183,BACKFILL_AUTO
2026-04-04 21:47:54,1775339274,R_25,3226.835,-1,0.06199999999989814,BACKFILL_AUTO
2026-04-04 21:47:56,1775339276,R_25,3226.819,-1,0.016000000000076398,BACKFILL_AUTO
2026-04-04 21:47:58,1775339278,R_25,3226.903,1,0.08399999999983265,BACKFILL_AUTO
2026-04-04 21:48:00,1775339280,R_25,3226.862,-1,0.0409999999997126,BACKFILL_AUTO
2026-04-04 21:48:02,1775339282,R_25,3226.59,-1,0.2719999999999345,BACKFILL_AUTO
2026-04-04 21:48:04,1775339284,R_25,3226.893,1,0.3029999999998836,BACKFILL_AUTO
2026-04-04 21:48:06,1775339286,R_25,3226.959,1,0.06599999999980355,BACKFILL_AUTO
2026-04-04 21:48:08,1775339288,R_25,3226.969,1,0.010000000000218279,BACKFILL_AUTO
2026-04-04 21:48:10,1775339290,R_25,3226.862,-1,0.1069999999999709,BACKFILL_AUTO
2026-04-04 21:48:12,1775339292,R_25,3227.048,1,0.1859999999996944,BACKFILL_AUTO
2026-04-04 21:48:14,1775339294,R_25,3227.196,1,0.14800000000013824,BACKFILL_AUTO
2026-04-04 21:48:16,1775339296,R_25,3227.171,-1,0.02500000000009095,BACKFILL_AUTO
2026-04-04 21:48:18,1775339298,R_25,3227.128,-1,0.042999999999665306,BACKFILL_AUTO
2026-04-04 21:48:20,1775339300,R_25,3227.515,1,0.38699999999971624,BACKFILL_AUTO
2026-04-04 21:48:22,1775339302,R_25,3227.561,1,0.046000000000276486,BACKFILL_AUTO
2026-04-04 21:48:24,1775339304,R_25,3227.429,-1,0.13200000000006185,BACKFILL_AUTO
2026-04-04 21:48:26,1775339306,R_25,3227.571,1,0.14199999999982538,BACKFILL_AUTO
2026-04-04 21:48:28,1775339308,R_25,3227.361,-1,0.21000000000003638,BACKFILL_AUTO
2026-04-04 21:48:30,1775339310,R_25,3227.546,1,0.18499999999994543,BACKFILL_AUTO
2026-04-04 21:48:32,1775339312,R_25,3226.916,-1,0.6299999999996544,BACKFILL_AUTO
2026-04-04 21:48:34,1775339314,R_25,3226.959,1,0.042999999999665306,BACKFILL_AUTO
2026-04-04 21:48:36,1775339316,R_25,3227.091,1,0.13200000000006185,BACKFILL_AUTO
2026-04-04 21:48:38,1775339318,R_25,3227.04,-1,0.05099999999993088,BACKFILL_AUTO
2026-04-04 21:48:40,1775339320,R_25,3226.873,-1,0.16699999999991633,BACKFILL_AUTO
2026-04-04 21:48:42,1775339322,R_25,3226.949,1,0.07600000000002183,BACKFILL_AUTO
2026-04-04 21:48:44,1775339324,R_25,3227.055,1,0.10599999999976717,BACKFILL_AUTO
2026-04-04 21:48:46,1775339326,R_25,3227.012,-1,0.042999999999665306,BACKFILL_AUTO
2026-04-04 21:48:48,1775339328,R_25,3227.031,1,0.018999999999778083,BACKFILL_AUTO
2026-04-04 21:48:50,1775339330,R_25,3227.385,1,0.3540000000002692,BACKFILL_AUTO
2026-04-04 21:48:52,1775339332,R_25,3227.287,-1,0.09800000000041109,BACKFILL_AUTO
2026-04-04 21:48:54,1775339334,R_25,3227.378,1,0.09100000000034925,BACKFILL_AUTO
2026-04-04 21:48:56,1775339336,R_25,3227.046,-1,0.3320000000003347,BACKFILL_AUTO
2026-04-04 21:48:58,1775339338,R_25,3226.926,-1,0.11999999999989086,BACKFILL_AUTO
2026-04-04 21:49:00,1775339340,R_25,3227.174,1,0.2480000000000473,BACKFILL_AUTO
2026-04-04 21:49:02,1775339342,R_25,3227.286,1,0.11200000000008004,BACKFILL_AUTO
2026-04-04 21:49:04,1775339344,R_25,3227.135,-1,0.15099999999983993,BACKFILL_AUTO
2026-04-04 21:49:06,1775339346,R_25,3226.971,-1,0.16400000000021464,BACKFILL_AUTO
2026-04-04 21:49:08,1775339348,R_25,3227.05,1,0.07900000000017826,BACKFILL_AUTO
2026-04-04 21:49:10,1775339350,R_25,3227.054,1,0.0039999999999054126,BACKFILL_AUTO
2026-04-04 21:49:12,1775339352,R_25,3227.144,1,0.08999999999969077,BACKFILL_AUTO
2026-04-04 21:49:14,1775339354,R_25,3226.831,-1,0.3129999999996471,BACKFILL_AUTO
2026-04-04 21:49:16,1775339356,R_25,3226.85,1,0.018999999999778083,BACKFILL_AUTO
2026-04-04 21:49:18,1775339358,R_25,3226.853,1,0.003000000000156433,BACKFILL_AUTO
2026-04-04 21:49:20,1775339360,R_25,3227.215,1,0.36200000000008004,BACKFILL_AUTO
2026-04-04 21:49:22,1775339362,R_25,3227.014,-1,0.20100000000002183,BACKFILL_AUTO
2026-04-04 21:49:24,1775339364,R_25,3226.794,-1,0.22000000000025466,BACKFILL_AUTO
2026-04-04 21:49:26,1775339366,R_25,3227.033,1,0.23900000000003274,BACKFILL_AUTO
2026-04-04 21:49:28,1775339368,R_25,3227.068,1,0.03500000000030923,BACKFILL_AUTO
2026-04-04 21:49:30,1775339370,R_25,3226.762,-1,0.30600000000004,BACKFILL_AUTO
2026-04-04 21:49:32,1775339372,R_25,3226.875,1,0.11299999999982901,BACKFILL_AUTO
2026-04-04 21:49:34,1775339374,R_25,3226.829,-1,0.04599999999982174,BACKFILL_AUTO
2026-04-04 21:49:36,1775339376,R_25,3226.726,-1,0.10300000000006548,BACKFILL_AUTO
2026-04-04 21:49:38,1775339378,R_25,3226.786,1,0.05999999999994543,BACKFILL_AUTO
2026-04-04 21:49:40,1775339380,R_25,3226.609,-1,0.1770000000001346,BACKFILL_AUTO
2026-04-04 21:49:42,1775339382,R_25,3226.799,1,0.19000000000005457,BACKFILL_AUTO
2026-04-04 21:49:44,1775339384,R_25,3226.77,-1,0.028999999999996362,BACKFILL_AUTO
2026-04-04 21:49:46,1775339386,R_25,3226.778,1,0.007999999999810825,BACKFILL_AUTO
2026-04-04 21:49:48,1775339388,R_25,3226.8,1,0.022000000000389264,BACKFILL_AUTO
2026-04-04 21:49:50,1775339390,R_25,3226.652,-1,0.14800000000013824,BACKFILL_AUTO
2026-04-04 21:49:52,1775339392,R_25,3226.697,1,0.04500000000007276,BACKFILL_AUTO
2026-04-04 21:49:54,1775339394,R_25,3226.585,-1,0.11200000000008004,BACKFILL_AUTO
2026-04-04 21:49:56,1775339396,R_25,3226.677,1,0.09200000000009823,BACKFILL_AUTO
2026-04-04 21:49:58,1775339398,R_25,3226.424,-1,0.25300000000015643,BACKFILL_AUTO
2026-04-04 21:50:00,1775339400,R_25,3226.302,-1,0.12199999999984357,BACKFILL_AUTO
2026-04-04 21:50:02,1775339402,R_25,3226.365,1,0.06299999999964712,BACKFILL_AUTO
2026-04-04 21:50:04,1775339404,R_25,3226.486,1,0.12100000000009459,BACKFILL_AUTO
2026-04-04 21:50:06,1775339406,R_25,3226.23,-1,0.2559999999998581,BACKFILL_AUTO
2026-04-04 21:50:08,1775339408,R_25,3226.217,-1,0.012999999999919964,BACKFILL_AUTO
2026-04-04 21:50:10,1775339410,R_25,3226.461,1,0.24399999999968713,BACKFILL_AUTO
2026-04-04 21:50:12,1775339412,R_25,3226.531,1,0.07000000000016371,BACKFILL_AUTO
2026-04-04 21:50:14,1775339414,R_25,3226.491,-1,0.03999999999996362,BACKFILL_AUTO
2026-04-04 21:50:16,1775339416,R_25,3226.657,1,0.16600000000016735,BACKFILL_AUTO
2026-04-04 21:50:18,1775339418,R_25,3226.572,-1,0.08500000000003638,BACKFILL_AUTO
2026-04-04 21:50:20,1775339420,R_25,3226.674,1,0.10199999999986176,BACKFILL_AUTO
2026-04-04 21:50:22,1775339422,R_25,3226.448,-1,0.22600000000011278,BACKFILL_AUTO
2026-04-04 21:50:24,1775339424,R_25,3226.782,1,0.3340000000002874,BACKFILL_AUTO
2026-04-04 21:50:26,1775339426,R_25,3226.712,-1,0.07000000000016371,BACKFILL_AUTO
2026-04-04 21:50:28,1775339428,R_25,3226.515,-1,0.19700000000011642,BACKFILL_AUTO
2026-04-04 21:50:30,1775339430,R_25,3226.567,1,0.052000000000134605,BACKFILL_AUTO
2026-04-04 21:50:32,1775339432,R_25,3226.583,1,0.016000000000076398,BACKFILL_AUTO
2026-04-04 21:50:34,1775339434,R_25,3226.365,-1,0.21800000000030195,BACKFILL_AUTO
2026-04-04 21:50:36,1775339436,R_25,3226.488,1,0.1230000000000473,BACKFILL_AUTO
2026-04-04 21:50:38,1775339438,R_25,3226.64,1,0.15200000000004366,BACKFILL_AUTO
2026-04-04 21:50:40,1775339440,R_25,3226.966,1,0.32600000000002183,BACKFILL_AUTO
2026-04-04 21:50:42,1775339442,R_25,3226.989,1,0.023000000000138243,BACKFILL_AUTO
2026-04-04 21:50:44,1775339444,R_25,3226.795,-1,0.19399999999995998,BACKFILL_AUTO
2026-04-04 21:50:46,1775339446,R_25,3226.754,-1,0.04100000000016735,BACKFILL_AUTO
2026-04-04 21:50:48,1775339448,R_25,3226.881,1,0.1269999999999527,BACKFILL_AUTO
2026-04-04 21:50:50,1775339450,R_25,3226.56,-1,0.3209999999999127,BACKFILL_AUTO
2026-04-04 21:50:52,1775339452,R_25,3226.37,-1,0.19000000000005457,BACKFILL_AUTO
2026-04-04 21:50:54,1775339454,R_25,3226.208,-1,0.1619999999998072,BACKFILL_AUTO
2026-04-04 21:50:56,1775339456,R_25,3226.057,-1,0.15100000000029468,BACKFILL_AUTO
2026-04-04 21:50:58,1775339458,R_25,3225.804,-1,0.2529999999997017,BACKFILL_AUTO
2026-04-04 21:51:00,1775339460,R_25,3226.008,1,0.2039999999997235,BACKFILL_AUTO
2026-04-04 21:51:02,1775339462,R_25,3225.686,-1,0.32199999999966167,BACKFILL_AUTO
2026-04-04 21:51:04,1775339464,R_25,3225.628,-1,0.057999999999992724,BACKFILL_AUTO
2026-04-04 21:51:06,1775339466,R_25,3225.86,1,0.2319999999999709,BACKFILL_AUTO
2026-04-04 21:51:08,1775339468,R_25,3225.951,1,0.0909999999998945,BACKFILL_AUTO
2026-04-04 21:51:10,1775339470,R_25,3226.139,1,0.18800000000010186,BACKFILL_AUTO
2026-04-04 21:51:12,1775339472,R_25,3225.975,-1,0.16400000000021464,BACKFILL_AUTO
2026-04-04 21:51:14,1775339474,R_25,3225.791,-1,0.1839999999997417,BACKFILL_AUTO
2026-04-04 21:51:16,1775339476,R_25,3225.912,1,0.12099999999963984,BACKFILL_AUTO
2026-04-04 21:51:18,1775339478,R_25,3226.288,1,0.3760000000002037,BACKFILL_AUTO
2026-04-04 21:51:20,1775339480,R_25,3226.573,1,0.2849999999998545,BACKFILL_AUTO
2026-04-04 21:51:22,1775339482,R_25,3226.664,1,0.09100000000034925,BACKFILL_AUTO
2026-04-04 21:51:24,1775339484,R_25,3226.728,1,0.06399999999985084,BACKFILL_AUTO
2026-04-04 21:51:26,1775339486,R_25,3226.872,1,0.14399999999977808,BACKFILL_AUTO
2026-04-04 21:51:28,1775339488,R_25,3226.868,-1,0.0039999999999054126,BACKFILL_AUTO
2026-04-04 21:51:30,1775339490,R_25,3226.71,-1,0.15799999999990177,BACKFILL_AUTO
2026-04-04 21:51:32,1775339492,R_25,3226.667,-1,0.04300000000012005,BACKFILL_AUTO
2026-04-04 21:51:34,1775339494,R_25,3226.574,-1,0.0929999999998472,BACKFILL_AUTO
2026-04-04 21:51:36,1775339496,R_25,3226.715,1,0.1410000000000764,BACKFILL_AUTO
2026-04-04 21:51:38,1775339498,R_25,3226.828,1,0.11299999999982901,BACKFILL_AUTO
2026-04-04 21:51:40,1775339500,R_25,3226.78,-1,0.047999999999774445,BACKFILL_AUTO
2026-04-04 21:51:42,1775339502,R_25,3226.994,1,0.2139999999999418,BACKFILL_AUTO
2026-04-04 21:51:44,1775339504,R_25,3227.089,1,0.09499999999979991,BACKFILL_AUTO
2026-04-04 21:51:46,1775339506,R_25,3227.363,1,0.2739999999998872,BACKFILL_AUTO
2026-04-04 21:51:48,1775339508,R_25,3227.521,1,0.15800000000035652,BACKFILL_AUTO
2026-04-04 21:51:50,1775339510,R_25,3227.394,-1,0.12700000000040745,BACKFILL_AUTO
2026-04-04 21:51:52,1775339512,R_25,3227.174,-1,0.2199999999997999,BACKFILL_AUTO
2026-04-04 21:51:54,1775339514,R_25,3227.077,-1,0.09699999999975262,BACKFILL_AUTO
2026-04-04 21:51:56,1775339516,R_25,3227.191,1,0.113999999999578,BACKFILL_AUTO
2026-04-04 21:51:58,1775339518,R_25,3227.399,1,0.20800000000008367,BACKFILL_AUTO
2026-04-04 21:52:00,1775339520,R_25,3227.619,1,0.22000000000025466,BACKFILL_AUTO
2026-04-04 21:52:02,1775339522,R_25,3227.748,1,0.1289999999999054,BACKFILL_AUTO
2026-04-04 21:52:04,1775339524,R_25,3227.564,-1,0.18400000000019645,BACKFILL_AUTO
2026-04-04 21:52:06,1775339526,R_25,3227.488,-1,0.07600000000002183,BACKFILL_AUTO
2026-04-04 21:52:08,1775339528,R_25,3227.49,1,0.0019999999999527063,BACKFILL_AUTO
2026-04-04 21:52:10,1775339530,R_25,3227.368,-1,0.12199999999984357,BACKFILL_AUTO
2026-04-04 21:52:12,1775339532,R_25,3227.277,-1,0.0909999999998945,BACKFILL_AUTO
2026-04-04 21:52:14,1775339534,R_25,3227.399,1,0.12199999999984357,BACKFILL_AUTO
2026-04-04 21:52:16,1775339536,R_25,3227.61,1,0.2110000000002401,BACKFILL_AUTO
2026-04-04 21:52:18,1775339538,R_25,3227.292,-1,0.318000000000211,BACKFILL_AUTO
2026-04-04 21:52:20,1775339540,R_25,3227.256,-1,0.03600000000005821,BACKFILL_AUTO
2026-04-04 21:52:22,1775339542,R_25,3227.558,1,0.3020000000001346,BACKFILL_AUTO
2026-04-04 21:52:24,1775339544,R_25,3227.548,-1,0.010000000000218279,BACKFILL_AUTO
2026-04-04 21:52:26,1775339546,R_25,3227.874,1,0.32600000000002183,BACKFILL_AUTO
2026-04-04 21:52:28,1775339548,R_25,3227.933,1,0.05900000000019645,BACKFILL_AUTO
2026-04-04 21:52:30,1775339550,R_25,3227.862,-1,0.07099999999991269,BACKFILL_AUTO
2026-04-04 21:52:32,1775339552,R_25,3228.197,1,0.3350000000000364,BACKFILL_AUTO
2026-04-04 21:52:34,1775339554,R_25,3228.384,1,0.18699999999989814,BACKFILL_AUTO
2026-04-04 21:52:36,1775339556,R_25,3228.536,1,0.15200000000004366,BACKFILL_AUTO
2026-04-04 21:52:38,1775339558,R_25,3228.688,1,0.15200000000004366,BACKFILL_AUTO
2026-04-04 21:52:40,1775339560,R_25,3228.949,1,0.26099999999996726,BACKFILL_AUTO
2026-04-04 21:52:42,1775339562,R_25,3228.999,1,0.04999999999972715,BACKFILL_AUTO
2026-04-04 21:52:44,1775339564,R_25,3229.116,1,0.11700000000018917,BACKFILL_AUTO
2026-04-04 21:52:46,1775339566,R_25,3229.158,1,0.041999999999916326,BACKFILL_AUTO
2026-04-04 21:52:48,1775339568,R_25,3228.677,-1,0.48099999999976717,BACKFILL_AUTO
2026-04-04 21:52:50,1775339570,R_25,3228.391,-1,0.2860000000000582,BACKFILL_AUTO
2026-04-04 21:52:52,1775339572,R_25,3228.268,-1,0.1230000000000473,BACKFILL_AUTO
2026-04-04 21:52:54,1775339574,R_25,3228.264,-1,0.0039999999999054126,BACKFILL_AUTO
2026-04-04 21:52:56,1775339576,R_25,3228.262,-1,0.0019999999999527063,BACKFILL_AUTO
2026-04-04 21:52:58,1775339578,R_25,3228.272,1,0.009999999999763531,BACKFILL_AUTO
2026-04-04 21:53:00,1775339580,R_25,3228.485,1,0.2130000000001928,BACKFILL_AUTO
2026-04-04 21:53:02,1775339582,R_25,3228.25,-1,0.23500000000012733,BACKFILL_AUTO
2026-04-04 21:53:04,1775339584,R_25,3228.29,1,0.03999999999996362,BACKFILL_AUTO
2026-04-04 21:53:06,1775339586,R_25,3228.397,1,0.1069999999999709,BACKFILL_AUTO
2026-04-04 21:53:08,1775339588,R_25,3228.428,1,0.03099999999994907,BACKFILL_AUTO
2026-04-04 21:53:10,1775339590,R_25,3228.668,1,0.24000000000023647,BACKFILL_AUTO
2026-04-04 21:53:12,1775339592,R_25,3228.795,1,0.1269999999999527,BACKFILL_AUTO
2026-04-04 21:53:14,1775339594,R_25,3228.441,-1,0.3540000000002692,BACKFILL_AUTO
2026-04-04 21:53:16,1775339596,R_25,3228.571,1,0.13000000000010914,BACKFILL_AUTO
2026-04-04 21:53:18,1775339598,R_25,3228.639,1,0.068000000000211,BACKFILL_AUTO
2026-04-04 21:53:20,1775339600,R_25,3228.694,1,0.05499999999983629,BACKFILL_AUTO
2026-04-04 21:53:22,1775339602,R_25,3228.679,-1,0.01499999999987267,BACKFILL_AUTO
2026-04-04 21:53:24,1775339604,R_25,3228.666,-1,0.012999999999919964,BACKFILL_AUTO
2026-04-04 21:53:26,1775339606,R_25,3228.7,1,0.033999999999650754,BACKFILL_AUTO
2026-04-04 21:53:28,1775339608,R_25,3228.896,1,0.19600000000036744,BACKFILL_AUTO
2026-04-04 21:53:30,1775339610,R_25,3229.145,1,0.24899999999979627,BACKFILL_AUTO
2026-04-04 21:53:32,1775339612,R_25,3229.118,-1,0.027000000000043656,BACKFILL_AUTO
2026-04-04 21:53:34,1775339614,R_25,3229.309,1,0.1910000000002583,BACKFILL_AUTO
2026-04-04 21:53:36,1775339616,R_25,3229.297,-1,0.012000000000170985,BACKFILL_AUTO
2026-04-04 21:53:38,1775339618,R_25,3229.303,1,0.005999999999858119,BACKFILL_AUTO
2026-04-04 21:53:40,1775339620,R_25,3229.583,1,0.2800000000002001,BACKFILL_AUTO
2026-04-04 21:53:42,1775339622,R_25,3229.612,1,0.028999999999996362,BACKFILL_AUTO
2026-04-04 21:53:44,1775339624,R_25,3230.025,1,0.4130000000000109,BACKFILL_AUTO
2026-04-04 21:53:46,1775339626,R_25,3229.879,-1,0.14600000000018554,BACKFILL_AUTO
2026-04-04 21:53:48,1775339628,R_25,3229.771,-1,0.10799999999971988,BACKFILL_AUTO
2026-04-04 21:53:50,1775339630,R_25,3229.917,1,0.1459999999997308,BACKFILL_AUTO
2026-04-04 21:53:52,1775339632,R_25,3229.836,-1,0.08100000000013097,BACKFILL_AUTO
2026-04-04 21:53:54,1775339634,R_25,3230.07,1,0.23400000000037835,BACKFILL_AUTO
2026-04-04 21:53:56,1775339636,R_25,3230.518,1,0.4479999999998654,BACKFILL_AUTO
2026-04-04 21:53:58,1775339638,R_25,3230.575,1,0.056999999999789,BACKFILL_AUTO
2026-04-04 21:54:00,1775339640,R_25,3230.272,-1,0.3029999999998836,BACKFILL_AUTO
2026-04-04 21:54:02,1775339642,R_25,3230.428,1,0.15599999999994907,BACKFILL_AUTO
2026-04-04 21:54:04,1775339644,R_25,3230.63,1,0.20200000000022555,BACKFILL_AUTO
2026-04-04 21:54:06,1775339646,R_25,3230.92,1,0.2899999999999636,BACKFILL_AUTO
2026-04-04 21:54:08,1775339648,R_25,3230.896,-1,0.023999999999887223,BACKFILL_AUTO
2026-04-04 21:54:10,1775339650,R_25,3230.766,-1,0.13000000000010914,BACKFILL_AUTO
2026-04-04 21:54:12,1775339652,R_25,3230.776,1,0.009999999999763531,BACKFILL_AUTO
2026-04-04 21:54:14,1775339654,R_25,3230.434,-1,0.3419999999996435,BACKFILL_AUTO
2026-04-04 21:54:16,1775339656,R_25,3230.736,1,0.30199999999967986,BACKFILL_AUTO
2026-04-04 21:54:18,1775339658,R_25,3230.734,-1,0.0019999999999527063,BACKFILL_AUTO
2026-04-04 21:54:20,1775339660,R_25,3230.768,1,0.0340000000001055,BACKFILL_AUTO
2026-04-04 21:54:22,1775339662,R_25,3231.048,1,0.27999999999974534,BACKFILL_AUTO
2026-04-04 21:54:24,1775339664,R_25,3230.921,-1,0.1269999999999527,BACKFILL_AUTO
2026-04-04 21:54:26,1775339666,R_25,3231.361,1,0.44000000000005457,BACKFILL_AUTO
2026-04-04 21:54:28,1775339668,R_25,3231.507,1,0.14600000000018554,BACKFILL_AUTO
2026-04-04 21:54:30,1775339670,R_25,3231.67,1,0.16300000000001091,BACKFILL_AUTO
2026-04-04 21:54:32,1775339672,R_25,3231.5,-1,0.17000000000007276,BACKFILL_AUTO
2026-04-04 21:54:34,1775339674,R_25,3231.745,1,0.24499999999989086,BACKFILL_AUTO
2026-04-04 21:54:36,1775339676,R_25,3231.767,1,0.021999999999934516,BACKFILL_AUTO
2026-04-04 21:54:38,1775339678,R_25,3231.38,-1,0.38699999999971624,BACKFILL_AUTO
2026-04-04 21:54:40,1775339680,R_25,3231.373,-1,0.007000000000061846,BACKFILL_AUTO
2026-04-04 21:54:42,1775339682,R_25,3231.154,-1,0.21900000000005093,BACKFILL_AUTO
2026-04-04 21:54:44,1775339684,R_25,3231.086,-1,0.068000000000211,BACKFILL_AUTO
2026-04-04 21:54:46,1775339686,R_25,3230.877,-1,0.20899999999983265,BACKFILL_AUTO
2026-04-04 21:54:48,1775339688,R_25,3230.759,-1,0.11799999999993815,BACKFILL_AUTO
2026-04-04 21:54:50,1775339690,R_25,3230.804,1,0.04500000000007276,BACKFILL_AUTO
2026-04-04 21:54:52,1775339692,R_25,3230.775,-1,0.028999999999996362,BACKFILL_AUTO
2026-04-04 21:54:54,1775339694,R_25,3230.82,1,0.04500000000007276,BACKFILL_AUTO
2026-04-04 21:54:56,1775339696,R_25,3230.736,-1,0.0840000000002874,BACKFILL_AUTO
2026-04-04 21:54:58,1775339698,R_25,3230.694,-1,0.041999999999916326,BACKFILL_AUTO
2026-04-04 21:55:00,1775339700,R_25,3230.559,-1,0.13499999999976353,BACKFILL_AUTO
2026-04-04 21:55:02,1775339702,R_25,3230.514,-1,0.04500000000007276,BACKFILL_AUTO
2026-04-04 21:55:04,1775339704,R_25,3230.553,1,0.03899999999975989,BACKFILL_AUTO
2026-04-04 21:55:06,1775339706,R_25,3230.739,1,0.18600000000014916,BACKFILL_AUTO
