timestamp,unix_time,instrument,price,direction,tick_size,session_id
2026-04-04 11:08:16,1775300896,R_75,33971.3165,1,687.8086000000039,BACKFILL_AUTO
2026-04-04 11:08:18,1775300898,R_75,33976.1581,1,4.841599999999744,BACKFILL_AUTO
2026-04-04 11:08:20,1775300900,R_75,33974.9504,-1,1.2076999999990221,BACKFILL_AUTO
2026-04-04 11:08:22,1775300902,R_75,33967.7354,-1,7.2150000000037835,BACKFILL_AUTO
2026-04-04 11:08:24,1775300904,R_75,33970.1084,1,2.3729999999995925,BACKFILL_AUTO
2026-04-04 11:08:26,1775300906,R_75,33961.8472,-1,8.261200000000827,BACKFILL_AUTO
2026-04-04 11:08:28,1775300908,R_75,33959.6363,-1,2.210899999998219,BACKFILL_AUTO
2026-04-04 11:08:30,1775300910,R_75,33959.0134,-1,0.6228999999948428,BACKFILL_AUTO
2026-04-04 11:08:32,1775300912,R_75,33960.4129,1,1.3994999999995343,BACKFILL_AUTO
2026-04-04 11:08:34,1775300914,R_75,33953.7091,-1,6.703800000002957,BACKFILL_AUTO
2026-04-04 11:08:36,1775300916,R_75,33957.7599,1,4.050799999997253,BACKFILL_AUTO
2026-04-04 11:08:38,1775300918,R_75,33951.9335,-1,5.826399999998102,BACKFILL_AUTO
2026-04-04 11:08:40,1775300920,R_75,33954.0138,1,689.7088000000003,BACKFILL_AUTO
2026-04-04 11:08:42,1775300922,R_75,33962.4238,1,8.409999999996217,BACKFILL_AUTO
2026-04-04 11:08:44,1775300924,R_75,33970.5496,1,8.125800000001618,BACKFILL_AUTO
2026-04-04 11:08:46,1775300926,R_75,33964.5843,-1,5.965299999996205,BACKFILL_AUTO
2026-04-04 11:08:48,1775300928,R_75,33961.9093,-1,2.6750000000029104,BACKFILL_AUTO
2026-04-04 11:08:50,1775300930,R_75,33950.8139,-1,11.095399999998335,BACKFILL_AUTO
2026-04-04 11:08:52,1775300932,R_75,33940.1076,-1,10.70629999999801,BACKFILL_AUTO
2026-04-04 11:08:54,1775300934,R_75,33940.6398,1,0.5321999999941909,BACKFILL_AUTO
2026-04-04 11:08:56,1775300936,R_75,33947.7563,1,7.116500000003725,BACKFILL_AUTO
2026-04-04 11:08:58,1775300938,R_75,33939.0755,-1,8.68080000000191,BACKFILL_AUTO
2026-04-04 11:09:00,1775300940,R_75,33928.7103,-1,10.365200000000186,BACKFILL_AUTO
2026-04-04 11:09:02,1775300942,R_75,33940.4098,1,11.699500000002445,BACKFILL_AUTO
2026-04-04 11:09:04,1775300944,R_75,33948.326,1,686.3191999999981,BACKFILL_AUTO
2026-04-04 11:09:06,1775300946,R_75,33954.7033,1,6.377300000000105,BACKFILL_AUTO
2026-04-04 11:09:08,1775300948,R_75,33958.0115,1,3.3081999999994878,BACKFILL_AUTO
2026-04-04 11:09:10,1775300950,R_75,33958.1407,1,0.12920000000303844,BACKFILL_AUTO
2026-04-04 11:09:12,1775300952,R_75,33956.3122,-1,1.8285000000032596,BACKFILL_AUTO
2026-04-04 11:09:14,1775300954,R_75,33965.2272,1,8.915000000000873,BACKFILL_AUTO
2026-04-04 11:09:16,1775300956,R_75,33971.7987,1,6.571499999998196,BACKFILL_AUTO
2026-04-04 11:09:18,1775300958,R_75,33963.2519,-1,8.546799999996438,BACKFILL_AUTO
2026-04-04 11:09:20,1775300960,R_75,33957.6438,-1,5.608100000004924,BACKFILL_AUTO
2026-04-04 11:09:22,1775300962,R_75,33968.9485,1,11.304700000000594,BACKFILL_AUTO
2026-04-04 11:09:24,1775300964,R_75,33969.0046,1,0.05610000000160653,BACKFILL_AUTO
2026-04-04 11:09:26,1775300966,R_75,33965.8604,-1,3.1442000000024564,BACKFILL_AUTO
2026-04-04 11:09:28,1775300968,R_75,33959.9105,-1,5.949899999999616,BACKFILL_AUTO
2026-04-04 11:09:30,1775300970,R_75,33965.9253,1,6.01480000000447,BACKFILL_AUTO
2026-04-04 11:09:32,1775300972,R_75,33971.3866,1,5.46129999999539,BACKFILL_AUTO
2026-04-04 11:09:34,1775300974,R_75,33967.7754,-1,3.6111999999993714,BACKFILL_AUTO
2026-04-04 11:09:36,1775300976,R_75,33967.0842,-1,0.6912000000011176,BACKFILL_AUTO
2026-04-04 11:09:38,1775300978,R_75,33971.6194,1,4.535200000005716,BACKFILL_AUTO
2026-04-04 11:09:40,1775300980,R_75,33966.5986,-1,5.020800000005693,BACKFILL_AUTO
2026-04-04 11:09:42,1775300982,R_75,33961.6178,-1,4.980799999997544,BACKFILL_AUTO
2026-04-04 11:09:44,1775300984,R_75,33959.3129,-1,2.3049000000028173,BACKFILL_AUTO
2026-04-04 11:09:46,1775300986,R_75,33955.4026,-1,3.910299999995914,BACKFILL_AUTO
2026-04-04 11:09:48,1775300988,R_75,33949.0989,-1,6.303700000004028,BACKFILL_AUTO
2026-04-04 11:09:50,1775300990,R_75,33936.1762,-1,12.92269999999553,BACKFILL_AUTO
2026-04-04 11:09:52,1775300992,R_75,33929.2406,-1,6.935600000004342,BACKFILL_AUTO
2026-04-04 11:09:54,1775300994,R_75,33934.6412,1,5.40060000000085,BACKFILL_AUTO
2026-04-04 11:09:56,1775300996,R_75,33933.9542,-1,0.6869999999980791,BACKFILL_AUTO
2026-04-04 11:09:58,1775300998,R_75,33932.8712,-1,1.0829999999987194,BACKFILL_AUTO
2026-04-04 11:10:00,1775301000,R_75,33938.0901,1,5.218899999999849,BACKFILL_AUTO
2026-04-04 11:10:02,1775301002,R_75,33942.0211,1,3.930999999996857,BACKFILL_AUTO
2026-04-04 11:10:04,1775301004,R_75,33939.261,-1,2.760099999999511,BACKFILL_AUTO
2026-04-04 11:10:06,1775301006,R_75,33931.3579,-1,7.903099999995902,BACKFILL_AUTO
2026-04-04 11:10:08,1775301008,R_75,33937.2467,1,5.888800000000629,BACKFILL_AUTO
2026-04-04 11:10:10,1775301010,R_75,33930.3943,-1,6.852400000003399,BACKFILL_AUTO
2026-04-04 11:10:12,1775301012,R_75,33926.2382,-1,4.156100000000151,BACKFILL_AUTO
2026-04-04 11:10:14,1775301014,R_75,33929.4898,1,3.2516000000032363,BACKFILL_AUTO
2026-04-04 11:10:16,1775301016,R_75,33936.5853,1,7.095499999995809,BACKFILL_AUTO
2026-04-04 11:10:18,1775301018,R_75,33938.2285,1,1.6431999999986147,BACKFILL_AUTO
2026-04-04 11:10:20,1775301020,R_75,33940.7728,1,2.5443000000013853,BACKFILL_AUTO
2026-04-04 11:10:22,1775301022,R_75,33943.169,1,2.396200000002864,BACKFILL_AUTO
2026-04-04 11:10:24,1775301024,R_75,33946.0857,1,2.9167000000015832,BACKFILL_AUTO
2026-04-04 11:10:26,1775301026,R_75,33935.6939,-1,10.391800000004878,BACKFILL_AUTO
2026-04-04 11:10:28,1775301028,R_75,33935.2625,-1,0.43140000000130385,BACKFILL_AUTO
2026-04-04 11:10:30,1775301030,R_75,33946.1106,1,10.848100000002887,BACKFILL_AUTO
2026-04-04 11:10:32,1775301032,R_75,33949.3593,1,3.248699999996461,BACKFILL_AUTO
2026-04-04 11:10:34,1775301034,R_75,33946.7321,-1,2.627199999995355,BACKFILL_AUTO
2026-04-04 11:10:36,1775301036,R_75,33946.9756,1,0.2434999999968568,BACKFILL_AUTO
2026-04-04 11:10:38,1775301038,R_75,33955.2896,1,8.313999999998487,BACKFILL_AUTO
2026-04-04 11:10:40,1775301040,R_75,33962.2695,1,6.979900000005728,BACKFILL_AUTO
2026-04-04 11:10:42,1775301042,R_75,33955.144,-1,7.125500000001921,BACKFILL_AUTO
2026-04-04 11:10:44,1775301044,R_75,33944.3966,-1,10.747400000000198,BACKFILL_AUTO
2026-04-04 11:10:46,1775301046,R_75,33947.8902,1,3.4936000000016065,BACKFILL_AUTO
2026-04-04 11:10:48,1775301048,R_75,33936.8847,-1,11.005499999999302,BACKFILL_AUTO
2026-04-04 11:10:50,1775301050,R_75,33933.76,-1,3.1247000000003027,BACKFILL_AUTO
2026-04-04 11:10:52,1775301052,R_75,33925.6319,-1,8.128100000001723,BACKFILL_AUTO
2026-04-04 11:10:54,1775301054,R_75,33927.0878,1,1.4559000000008382,BACKFILL_AUTO
2026-04-04 11:10:56,1775301056,R_75,33926.8847,-1,0.20309999999881256,BACKFILL_AUTO
2026-04-04 11:10:58,1775301058,R_75,33929.0697,1,2.1849999999976717,BACKFILL_AUTO
2026-04-04 11:11:00,1775301060,R_75,33937.9647,1,8.894999999996799,BACKFILL_AUTO
2026-04-04 11:11:02,1775301062,R_75,33923.5972,-1,14.367500000000291,BACKFILL_AUTO
2026-04-04 11:11:04,1775301064,R_75,33926.5314,1,2.9342000000033295,BACKFILL_AUTO
2026-04-04 11:11:06,1775301066,R_75,33915.7557,-1,10.775699999998324,BACKFILL_AUTO
2026-04-04 11:11:08,1775301068,R_75,33914.7906,-1,0.9651000000012573,BACKFILL_AUTO
2026-04-04 11:11:10,1775301070,R_75,33903.664,-1,11.126600000003236,BACKFILL_AUTO
2026-04-04 11:11:12,1775301072,R_75,33906.2444,1,2.5804000000061933,BACKFILL_AUTO
2026-04-04 11:11:14,1775301074,R_75,33907.2965,1,1.0520999999935157,BACKFILL_AUTO
2026-04-04 11:11:16,1775301076,R_75,33908.2413,1,0.9448000000047614,BACKFILL_AUTO
2026-04-04 11:11:18,1775301078,R_75,33903.2293,-1,5.012000000002445,BACKFILL_AUTO
2026-04-04 11:11:20,1775301080,R_75,33902.1282,-1,1.1010999999998603,BACKFILL_AUTO
2026-04-04 11:11:22,1775301082,R_75,33895.4529,-1,6.675300000002608,BACKFILL_AUTO
2026-04-04 11:11:24,1775301084,R_75,33898.2532,1,2.8003000000026077,BACKFILL_AUTO
2026-04-04 11:11:26,1775301086,R_75,33878.6111,-1,19.6420999999973,BACKFILL_AUTO
2026-04-04 11:11:28,1775301088,R_75,33881.9402,1,3.3290999999953783,BACKFILL_AUTO
2026-04-04 11:11:30,1775301090,R_75,33883.5591,1,1.6189000000013039,BACKFILL_AUTO
2026-04-04 11:11:32,1775301092,R_75,33888.5028,1,4.943700000003446,BACKFILL_AUTO
2026-04-04 11:11:34,1775301094,R_75,33891.8108,1,3.3079999999972642,BACKFILL_AUTO
2026-04-04 11:11:36,1775301096,R_75,33890.461,-1,1.3497999999963213,BACKFILL_AUTO
2026-04-04 11:11:38,1775301098,R_75,33887.5513,-1,2.909700000003795,BACKFILL_AUTO
2026-04-04 11:11:40,1775301100,R_75,33884.3268,-1,3.224499999996624,BACKFILL_AUTO
2026-04-04 11:11:42,1775301102,R_75,33886.5735,1,2.2466999999960535,BACKFILL_AUTO
2026-04-04 11:11:44,1775301104,R_75,33890.3024,1,3.728900000001886,BACKFILL_AUTO
2026-04-04 11:11:46,1775301106,R_75,33894.1941,1,3.891700000000128,BACKFILL_AUTO
2026-04-04 11:11:48,1775301108,R_75,33891.3544,-1,2.839700000004086,BACKFILL_AUTO
2026-04-04 11:11:50,1775301110,R_75,33904.3093,1,12.954900000004272,BACKFILL_AUTO
2026-04-04 11:11:52,1775301112,R_75,33900.1789,-1,4.130400000001828,BACKFILL_AUTO
2026-04-04 11:11:54,1775301114,R_75,33899.6991,-1,0.4798000000009779,BACKFILL_AUTO
2026-04-04 11:11:56,1775301116,R_75,33913.3938,1,13.694700000000012,BACKFILL_AUTO
2026-04-04 11:11:58,1775301118,R_75,33902.5746,-1,10.81919999999809,BACKFILL_AUTO
2026-04-04 11:12:00,1775301120,R_75,33905.5996,1,3.025000000001455,BACKFILL_AUTO
2026-04-04 11:12:02,1775301122,R_75,33908.3509,1,2.751299999996263,BACKFILL_AUTO
2026-04-04 11:12:04,1775301124,R_75,33913.6468,1,5.295900000004622,BACKFILL_AUTO
2026-04-04 11:12:06,1775301126,R_75,33904.9335,-1,8.713300000003073,BACKFILL_AUTO
2026-04-04 11:12:08,1775301128,R_75,33917.2618,1,12.328300000001036,BACKFILL_AUTO
2026-04-04 11:12:10,1775301130,R_75,33930.5954,1,13.333599999998114,BACKFILL_AUTO
2026-04-04 11:12:12,1775301132,R_75,33925.9217,-1,4.673699999999371,BACKFILL_AUTO
2026-04-04 11:12:14,1775301134,R_75,33937.066,1,11.14429999999993,BACKFILL_AUTO
2026-04-04 11:12:16,1775301136,R_75,33934.5727,-1,2.493300000001909,BACKFILL_AUTO
2026-04-04 11:12:18,1775301138,R_75,33937.6377,1,3.0650000000023283,BACKFILL_AUTO
2026-04-04 11:12:20,1775301140,R_75,33933.1862,-1,4.451500000002852,BACKFILL_AUTO
2026-04-04 11:12:22,1775301142,R_75,33918.0745,-1,15.111699999994016,BACKFILL_AUTO
2026-04-04 11:12:24,1775301144,R_75,33915.875,-1,2.1995000000024447,BACKFILL_AUTO
2026-04-04 11:12:26,1775301146,R_75,33926.1793,1,10.304300000003423,BACKFILL_AUTO
2026-04-04 11:12:28,1775301148,R_75,33935.9311,1,9.751799999998184,BACKFILL_AUTO
2026-04-04 11:12:30,1775301150,R_75,33936.2181,1,0.28699999999662396,BACKFILL_AUTO
2026-04-04 11:12:32,1775301152,R_75,33934.8734,-1,1.3447000000014668,BACKFILL_AUTO
2026-04-04 11:12:34,1775301154,R_75,33934.6406,-1,0.2327999999979511,BACKFILL_AUTO
2026-04-04 11:12:36,1775301156,R_75,33925.8538,-1,8.786800000001676,BACKFILL_AUTO
2026-04-04 11:12:38,1775301158,R_75,33924.8535,-1,1.0002999999996973,BACKFILL_AUTO
2026-04-04 11:12:40,1775301160,R_75,33926.6577,1,1.8042000000059488,BACKFILL_AUTO
2026-04-04 11:12:42,1775301162,R_75,33929.562,1,2.9042999999946915,BACKFILL_AUTO
2026-04-04 11:12:44,1775301164,R_75,33922.3769,-1,7.1850999999951455,BACKFILL_AUTO
2026-04-04 11:12:46,1775301166,R_75,33921.1731,-1,1.203800000002957,BACKFILL_AUTO
2026-04-04 11:12:48,1775301168,R_75,33931.4249,1,10.251799999998184,BACKFILL_AUTO
2026-04-04 11:12:50,1775301170,R_75,33935.8832,1,4.458299999998417,BACKFILL_AUTO
2026-04-04 11:12:52,1775301172,R_75,33936.6823,1,0.7991000000038184,BACKFILL_AUTO
2026-04-04 11:12:54,1775301174,R_75,33935.51,-1,1.1722999999983585,BACKFILL_AUTO
2026-04-04 11:12:56,1775301176,R_75,33940.2002,1,4.690199999997276,BACKFILL_AUTO
2026-04-04 11:12:58,1775301178,R_75,33939.9105,-1,0.2897000000011758,BACKFILL_AUTO
2026-04-04 11:13:00,1775301180,R_75,33944.9476,1,5.037100000001374,BACKFILL_AUTO
2026-04-04 11:13:02,1775301182,R_75,33957.2781,1,12.330500000003667,BACKFILL_AUTO
2026-04-04 11:13:04,1775301184,R_75,33953.6661,-1,3.6120000000009895,BACKFILL_AUTO
2026-04-04 11:13:06,1775301186,R_75,33964.0992,1,10.433099999994738,BACKFILL_AUTO
2026-04-04 11:13:08,1775301188,R_75,33966.2433,1,2.1441000000049826,BACKFILL_AUTO
2026-04-04 11:13:10,1775301190,R_75,33973.0805,1,6.837199999994482,BACKFILL_AUTO
2026-04-04 11:13:12,1775301192,R_75,33962.9947,-1,10.085799999993469,BACKFILL_AUTO
2026-04-04 11:13:14,1775301194,R_75,33963.5235,1,0.5288000000000466,BACKFILL_AUTO
2026-04-04 11:13:16,1775301196,R_75,33958.4484,-1,5.075100000001839,BACKFILL_AUTO
2026-04-04 11:13:18,1775301198,R_75,33956.0215,-1,2.426899999998568,BACKFILL_AUTO
2026-04-04 11:13:20,1775301200,R_75,33960.5023,1,4.480799999997544,BACKFILL_AUTO
2026-04-04 11:13:22,1775301202,R_75,33963.6231,1,3.1207999999969616,BACKFILL_AUTO
2026-04-04 11:13:24,1775301204,R_75,33953.8478,-1,9.775299999993877,BACKFILL_AUTO
2026-04-04 11:13:26,1775301206,R_75,33958.0125,1,4.1646999999939,BACKFILL_AUTO
2026-04-04 11:13:28,1775301208,R_75,33956.6118,-1,1.4006999999983236,BACKFILL_AUTO
2026-04-04 11:13:30,1775301210,R_75,33969.8656,1,13.253799999998591,BACKFILL_AUTO
2026-04-04 11:13:32,1775301212,R_75,33973.0596,1,3.194000000003143,BACKFILL_AUTO
2026-04-04 11:13:34,1775301214,R_75,33976.3805,1,3.320899999998801,BACKFILL_AUTO
2026-04-04 11:13:36,1775301216,R_75,33974.3048,-1,2.075700000001234,BACKFILL_AUTO
2026-04-04 11:13:38,1775301218,R_75,33968.3781,-1,5.926699999996345,BACKFILL_AUTO
2026-04-04 11:13:40,1775301220,R_75,33964.674,-1,3.7041000000026543,BACKFILL_AUTO
2026-04-04 11:13:42,1775301222,R_75,33965.3555,1,0.6814999999987776,BACKFILL_AUTO
2026-04-04 11:13:44,1775301224,R_75,33968.6914,1,3.335900000005495,BACKFILL_AUTO
2026-04-04 11:13:46,1775301226,R_75,33972.0309,1,3.3394999999945867,BACKFILL_AUTO
2026-04-04 11:13:48,1775301228,R_75,33971.7981,-1,0.2327999999979511,BACKFILL_AUTO
2026-04-04 11:13:50,1775301230,R_75,33971.7084,-1,0.08969999999681022,BACKFILL_AUTO
2026-04-04 11:13:52,1775301232,R_75,33977.8891,1,6.1806999999971595,BACKFILL_AUTO
2026-04-04 11:13:54,1775301234,R_75,33979.6509,1,1.7618000000002212,BACKFILL_AUTO
2026-04-04 11:13:56,1775301236,R_75,33977.6118,-1,2.039100000001781,BACKFILL_AUTO
2026-04-04 11:13:58,1775301238,R_75,33975.9967,-1,1.6150999999954365,BACKFILL_AUTO
2026-04-04 11:14:00,1775301240,R_75,33978.3441,1,2.3473999999987427,BACKFILL_AUTO
2026-04-04 11:14:02,1775301242,R_75,33978.6865,1,0.34240000000136206,BACKFILL_AUTO
2026-04-04 11:14:04,1775301244,R_75,33985.9558,1,7.26929999999993,BACKFILL_AUTO
2026-04-04 11:14:06,1775301246,R_75,33977.626,-1,8.329800000006799,BACKFILL_AUTO
2026-04-04 11:14:08,1775301248,R_75,33971.3069,-1,6.319099999993341,BACKFILL_AUTO
2026-04-04 11:14:10,1775301250,R_75,33958.0067,-1,13.300200000005134,BACKFILL_AUTO
2026-04-04 11:14:12,1775301252,R_75,33959.939,1,1.9323000000003958,BACKFILL_AUTO
2026-04-04 11:14:14,1775301254,R_75,33950.0515,-1,9.88749999999709,BACKFILL_AUTO
2026-04-04 11:14:16,1775301256,R_75,33954.8392,1,4.787700000000768,BACKFILL_AUTO
2026-04-04 11:14:18,1775301258,R_75,33961.38,1,6.540799999995215,BACKFILL_AUTO
2026-04-04 11:14:20,1775301260,R_75,33952.2885,-1,9.091499999994994,BACKFILL_AUTO
2026-04-04 11:14:22,1775301262,R_75,33951.2281,-1,1.0604000000021188,BACKFILL_AUTO
2026-04-04 11:14:24,1775301264,R_75,33956.0813,1,4.8531999999977415,BACKFILL_AUTO
2026-04-04 11:14:26,1775301266,R_75,33954.0069,-1,2.074399999997695,BACKFILL_AUTO
2026-04-04 11:14:28,1775301268,R_75,33960.8761,1,6.869200000001001,BACKFILL_AUTO
2026-04-04 11:14:30,1775301270,R_75,33960.3182,-1,0.5578999999997905,BACKFILL_AUTO
2026-04-04 11:14:32,1775301272,R_75,33963.0415,1,2.7232999999978347,BACKFILL_AUTO
2026-04-04 11:14:34,1775301274,R_75,33964.1437,1,1.1022000000011758,BACKFILL_AUTO
2026-04-04 11:14:36,1775301276,R_75,33962.7848,-1,1.3588999999992666,BACKFILL_AUTO
2026-04-04 11:14:38,1775301278,R_75,33963.4319,1,0.6471000000019558,BACKFILL_AUTO
2026-04-04 11:14:40,1775301280,R_75,33959.6255,-1,3.806400000001304,BACKFILL_AUTO
2026-04-04 11:14:42,1775301282,R_75,33962.0275,1,2.4019999999945867,BACKFILL_AUTO
2026-04-04 11:14:44,1775301284,R_75,33965.8864,1,3.8589000000065425,BACKFILL_AUTO
2026-04-04 11:14:46,1775301286,R_75,33964.0543,-1,1.8320999999996275,BACKFILL_AUTO
2026-04-04 11:14:48,1775301288,R_75,33955.7632,-1,8.291100000002189,BACKFILL_AUTO
2026-04-04 11:14:50,1775301290,R_75,33951.0442,-1,4.719000000004598,BACKFILL_AUTO
2026-04-04 11:14:52,1775301292,R_75,33949.7193,-1,1.3248999999996158,BACKFILL_AUTO
2026-04-04 11:14:54,1775301294,R_75,33947.8719,-1,1.8473999999987427,BACKFILL_AUTO
2026-04-04 11:14:56,1775301296,R_75,33944.8327,-1,3.039199999999255,BACKFILL_AUTO
2026-04-04 11:14:58,1775301298,R_75,33950.7586,1,5.925900000002002,BACKFILL_AUTO
2026-04-04 11:15:00,1775301300,R_75,33950.3258,-1,0.43280000000231666,BACKFILL_AUTO
2026-04-04 11:15:02,1775301302,R_75,33949.4729,-1,0.8528999999980442,BACKFILL_AUTO
2026-04-04 11:15:04,1775301304,R_75,33945.4368,-1,4.036099999997532,BACKFILL_AUTO
2026-04-04 11:15:06,1775301306,R_75,33952.3076,1,6.870799999996962,BACKFILL_AUTO
2026-04-04 11:15:08,1775301308,R_75,33951.2981,-1,1.0095000000001164,BACKFILL_AUTO
2026-04-04 11:15:10,1775301310,R_75,33945.0722,-1,6.225899999997637,BACKFILL_AUTO
2026-04-04 11:15:12,1775301312,R_75,33936.6842,-1,8.38799999999901,BACKFILL_AUTO
2026-04-04 11:15:14,1775301314,R_75,33934.2143,-1,2.4699000000036904,BACKFILL_AUTO
2026-04-04 11:15:16,1775301316,R_75,33930.7006,-1,3.513700000003155,BACKFILL_AUTO
2026-04-04 11:15:18,1775301318,R_75,33923.8607,-1,6.839899999999034,BACKFILL_AUTO
2026-04-04 11:15:20,1775301320,R_75,33914.9506,-1,8.910100000000966,BACKFILL_AUTO
2026-04-04 11:15:22,1775301322,R_75,33925.9566,1,11.006000000001222,BACKFILL_AUTO
2026-04-04 11:15:24,1775301324,R_75,33928.5258,1,2.5692000000053667,BACKFILL_AUTO
2026-04-04 11:15:26,1775301326,R_75,33925.7917,-1,2.73410000000149,BACKFILL_AUTO
2026-04-04 11:15:28,1775301328,R_75,33943.2922,1,17.50050000000192,BACKFILL_AUTO
2026-04-04 11:15:30,1775301330,R_75,33945.1453,1,1.8530999999929918,BACKFILL_AUTO
2026-04-04 11:15:32,1775301332,R_75,33947.5752,1,2.4299000000028173,BACKFILL_AUTO
2026-04-04 11:15:34,1775301334,R_75,33940.977,-1,6.598200000000361,BACKFILL_AUTO
2026-04-04 11:15:36,1775301336,R_75,33943.1111,1,2.1341000000029453,BACKFILL_AUTO
2026-04-04 11:15:38,1775301338,R_75,33956.0606,1,12.949499999995169,BACKFILL_AUTO
2026-04-04 11:15:40,1775301340,R_75,33948.65,-1,7.410599999995611,BACKFILL_AUTO
2026-04-04 11:15:42,1775301342,R_75,33949.1339,1,0.4838999999992666,BACKFILL_AUTO
2026-04-04 11:15:44,1775301344,R_75,33945.6063,-1,3.5276000000012573,BACKFILL_AUTO
2026-04-04 11:15:46,1775301346,R_75,33947.3557,1,1.7494000000006054,BACKFILL_AUTO
2026-04-04 11:15:48,1775301348,R_75,33948.8643,1,1.5086000000010245,BACKFILL_AUTO
2026-04-04 11:15:50,1775301350,R_75,33945.4502,-1,3.414100000001781,BACKFILL_AUTO
2026-04-04 11:15:52,1775301352,R_75,33949.1897,1,3.739500000003318,BACKFILL_AUTO
2026-04-04 11:15:54,1775301354,R_75,33944.3774,-1,4.812300000005052,BACKFILL_AUTO
2026-04-04 11:15:56,1775301356,R_75,33946.8879,1,2.510500000003958,BACKFILL_AUTO
2026-04-04 11:15:58,1775301358,R_75,33945.9936,-1,0.8942999999999302,BACKFILL_AUTO
2026-04-04 11:16:00,1775301360,R_75,33936.9767,-1,9.016900000002352,BACKFILL_AUTO
2026-04-04 11:16:02,1775301362,R_75,33945.5331,1,8.556400000001304,BACKFILL_AUTO
2026-04-04 11:16:04,1775301364,R_75,33937.5757,-1,7.957399999999325,BACKFILL_AUTO
2026-04-04 11:16:06,1775301366,R_75,33939.5742,1,1.9985000000015134,BACKFILL_AUTO
2026-04-04 11:16:08,1775301368,R_75,33937.9779,-1,1.5963000000047032,BACKFILL_AUTO
2026-04-04 11:16:10,1775301370,R_75,33940.6268,1,2.6489000000001397,BACKFILL_AUTO
2026-04-04 11:16:12,1775301372,R_75,33947.392,1,6.7652000000016415,BACKFILL_AUTO
2026-04-04 11:16:14,1775301374,R_75,33950.8361,1,3.444100000000617,BACKFILL_AUTO
2026-04-04 11:16:16,1775301376,R_75,33966.1219,1,15.285799999997835,BACKFILL_AUTO
2026-04-04 11:16:18,1775301378,R_75,33965.6239,-1,0.49799999999959255,BACKFILL_AUTO
2026-04-04 11:16:20,1775301380,R_75,33960.9505,-1,4.673399999999674,BACKFILL_AUTO
2026-04-04 11:16:22,1775301382,R_75,33962.9558,1,2.005300000004354,BACKFILL_AUTO
2026-04-04 11:16:24,1775301384,R_75,33962.3082,-1,0.6476000000038766,BACKFILL_AUTO
2026-04-04 11:16:26,1775301386,R_75,33975.0651,1,12.756900000000314,BACKFILL_AUTO
2026-04-04 11:16:28,1775301388,R_75,33985.9721,1,10.906999999999243,BACKFILL_AUTO
2026-04-04 11:16:30,1775301390,R_75,33995.2609,1,9.288800000002084,BACKFILL_AUTO
2026-04-04 11:16:32,1775301392,R_75,33999.2053,1,3.9444000000003143,BACKFILL_AUTO
2026-04-04 11:16:34,1775301394,R_75,33998.8494,-1,0.3559000000022934,BACKFILL_AUTO
2026-04-04 11:16:36,1775301396,R_75,33989.3835,-1,9.4658999999956,BACKFILL_AUTO
2026-04-04 11:16:38,1775301398,R_75,33990.979,1,1.595499999995809,BACKFILL_AUTO
2026-04-04 11:16:40,1775301400,R_75,33994.3733,1,3.39429999999993,BACKFILL_AUTO
2026-04-04 11:16:42,1775301402,R_75,33988.4127,-1,5.9605999999985215,BACKFILL_AUTO
2026-04-04 11:16:44,1775301404,R_75,33987.6867,-1,0.7260000000023865,BACKFILL_AUTO
2026-04-04 11:16:46,1775301406,R_75,33983.5456,-1,4.141100000000733,BACKFILL_AUTO
2026-04-04 11:16:48,1775301408,R_75,33986.1245,1,2.5789000000004307,BACKFILL_AUTO
2026-04-04 11:16:50,1775301410,R_75,33981.6813,-1,4.443200000001525,BACKFILL_AUTO
2026-04-04 11:16:52,1775301412,R_75,33985.8443,1,4.163000000000466,BACKFILL_AUTO
2026-04-04 11:16:54,1775301414,R_75,33973.7402,-1,12.104099999996834,BACKFILL_AUTO
2026-04-04 11:16:56,1775301416,R_75,33965.7159,-1,8.02429999999731,BACKFILL_AUTO
2026-04-04 11:16:58,1775301418,R_75,33960.2163,-1,5.499600000002829,BACKFILL_AUTO
2026-04-04 11:17:00,1775301420,R_75,33956.3668,-1,3.849499999996624,BACKFILL_AUTO
2026-04-04 11:17:02,1775301422,R_75,33953.5699,-1,2.7969000000011874,BACKFILL_AUTO
2026-04-04 11:17:04,1775301424,R_75,33961.7619,1,8.19199999999546,BACKFILL_AUTO
2026-04-04 11:17:06,1775301426,R_75,33967.5072,1,5.745300000002317,BACKFILL_AUTO
2026-04-04 11:17:08,1775301428,R_75,33960.9449,-1,6.5622999999977765,BACKFILL_AUTO
2026-04-04 11:17:10,1775301430,R_75,33960.4583,-1,0.4866000000038184,BACKFILL_AUTO
2026-04-04 11:17:12,1775301432,R_75,33954.4982,-1,5.960099999996601,BACKFILL_AUTO
2026-04-04 11:17:14,1775301434,R_75,33955.3196,1,0.8214000000007218,BACKFILL_AUTO
2026-04-04 11:17:16,1775301436,R_75,33954.312,-1,1.0076000000044587,BACKFILL_AUTO
2026-04-04 11:17:18,1775301438,R_75,33950.2326,-1,4.079399999995076,BACKFILL_AUTO
2026-04-04 11:17:20,1775301440,R_75,33942.9641,-1,7.268500000005588,BACKFILL_AUTO
2026-04-04 11:17:22,1775301442,R_75,33943.548,1,0.5839000000050873,BACKFILL_AUTO
2026-04-04 11:17:24,1775301444,R_75,33935.3648,-1,8.183199999999488,BACKFILL_AUTO
2026-04-04 11:17:26,1775301446,R_75,33936.985,1,1.620199999997567,BACKFILL_AUTO
2026-04-04 11:17:28,1775301448,R_75,33939.6514,1,2.666400000001886,BACKFILL_AUTO
2026-04-04 11:17:30,1775301450,R_75,33937.7773,-1,1.874100000000908,BACKFILL_AUTO
2026-04-04 11:17:32,1775301452,R_75,33946.8575,1,9.080199999996694,BACKFILL_AUTO
2026-04-04 11:17:34,1775301454,R_75,33935.6549,-1,11.202599999996892,BACKFILL_AUTO
2026-04-04 11:17:36,1775301456,R_75,33930.7925,-1,4.862399999998161,BACKFILL_AUTO
2026-04-04 11:17:38,1775301458,R_75,33931.739,1,0.9464999999981956,BACKFILL_AUTO
2026-04-04 11:17:40,1775301460,R_75,33940.0502,1,8.311199999996461,BACKFILL_AUTO
2026-04-04 11:17:42,1775301462,R_75,33946.6978,1,6.647600000003877,BACKFILL_AUTO
2026-04-04 11:17:44,1775301464,R_75,33931.8116,-1,14.886200000000827,BACKFILL_AUTO
2026-04-04 11:17:46,1775301466,R_75,33930.6494,-1,1.1621999999988475,BACKFILL_AUTO
2026-04-04 11:17:48,1775301468,R_75,33931.6152,1,0.9657999999981257,BACKFILL_AUTO
2026-04-04 11:17:50,1775301470,R_75,33935.9768,1,4.3615999999965425,BACKFILL_AUTO
2026-04-04 11:17:52,1775301472,R_75,33940.3267,1,4.349900000001071,BACKFILL_AUTO
2026-04-04 11:17:54,1775301474,R_75,33944.9325,1,4.60580000000482,BACKFILL_AUTO
2026-04-04 11:17:56,1775301476,R_75,33936.6749,-1,8.257600000004459,BACKFILL_AUTO
2026-04-04 11:17:58,1775301478,R_75,33934.8223,-1,1.852599999998347,BACKFILL_AUTO
2026-04-04 11:18:00,1775301480,R_75,33941.4321,1,6.6097999999983585,BACKFILL_AUTO
2026-04-04 11:18:02,1775301482,R_75,33945.1132,1,3.6811000000016065,BACKFILL_AUTO
2026-04-04 11:18:04,1775301484,R_75,33944.9643,-1,0.1489000000001397,BACKFILL_AUTO
2026-04-04 11:18:06,1775301486,R_75,33939.1574,-1,5.806900000003225,BACKFILL_AUTO
2026-04-04 11:18:08,1775301488,R_75,33924.645,-1,14.512399999999616,BACKFILL_AUTO
2026-04-04 11:18:10,1775301490,R_75,33922.6063,-1,2.038699999997334,BACKFILL_AUTO
2026-04-04 11:18:12,1775301492,R_75,33918.4985,-1,4.107799999997951,BACKFILL_AUTO
2026-04-04 11:18:14,1775301494,R_75,33910.4021,-1,8.096400000002177,BACKFILL_AUTO
2026-04-04 11:18:16,1775301496,R_75,33905.4185,-1,4.983599999999569,BACKFILL_AUTO
2026-04-04 11:18:18,1775301498,R_75,33906.6143,1,1.1958000000013271,BACKFILL_AUTO
2026-04-04 11:18:20,1775301500,R_75,33909.8966,1,3.2822999999989406,BACKFILL_AUTO
2026-04-04 11:18:22,1775301502,R_75,33918.1,1,8.20339999999851,BACKFILL_AUTO
2026-04-04 11:18:24,1775301504,R_75,33923.3026,1,5.202600000004168,BACKFILL_AUTO
2026-04-04 11:18:26,1775301506,R_75,33926.2706,1,2.9680000000007567,BACKFILL_AUTO
2026-04-04 11:18:28,1775301508,R_75,33922.0186,-1,4.2520000000004075,BACKFILL_AUTO
2026-04-04 11:18:30,1775301510,R_75,33921.8772,-1,0.14140000000043074,BACKFILL_AUTO
2026-04-04 11:18:32,1775301512,R_75,33925.5937,1,3.716499999994994,BACKFILL_AUTO
2026-04-04 11:18:34,1775301514,R_75,33918.0223,-1,7.571400000000722,BACKFILL_AUTO
2026-04-04 11:18:36,1775301516,R_75,33918.3394,1,0.31710000000020955,BACKFILL_AUTO
2026-04-04 11:18:38,1775301518,R_75,33919.8131,1,1.4737000000022817,BACKFILL_AUTO
2026-04-04 11:18:40,1775301520,R_75,33923.6753,1,3.862200000003213,BACKFILL_AUTO
2026-04-04 11:18:42,1775301522,R_75,33928.2519,1,4.576600000000326,BACKFILL_AUTO
2026-04-04 11:18:44,1775301524,R_75,33922.2601,-1,5.991800000003423,BACKFILL_AUTO
2026-04-04 11:18:46,1775301526,R_75,33930.3884,1,8.128300000003946,BACKFILL_AUTO
2026-04-04 11:18:48,1775301528,R_75,33930.4732,1,0.08479999999690335,BACKFILL_AUTO
2026-04-04 11:18:50,1775301530,R_75,33938.0041,1,7.530899999997928,BACKFILL_AUTO
2026-04-04 11:18:52,1775301532,R_75,33940.1501,1,2.1460000000006403,BACKFILL_AUTO
2026-04-04 11:18:54,1775301534,R_75,33935.4666,-1,4.683499999999185,BACKFILL_AUTO
2026-04-04 11:18:56,1775301536,R_75,33934.7034,-1,0.763200000001234,BACKFILL_AUTO
2026-04-04 11:18:58,1775301538,R_75,33941.6247,1,6.921300000001793,BACKFILL_AUTO
2026-04-04 11:19:00,1775301540,R_75,33944.4347,1,2.8099999999976717,BACKFILL_AUTO
2026-04-04 11:19:02,1775301542,R_75,33952.7849,1,8.350200000000768,BACKFILL_AUTO
2026-04-04 11:19:04,1775301544,R_75,33966.8644,1,14.079499999999825,BACKFILL_AUTO
2026-04-04 11:19:06,1775301546,R_75,33973.4332,1,6.56880000000092,BACKFILL_AUTO
2026-04-04 11:19:08,1775301548,R_75,33964.4418,-1,8.991399999998976,BACKFILL_AUTO
2026-04-04 11:19:10,1775301550,R_75,33961.1368,-1,3.305000000000291,BACKFILL_AUTO
2026-04-04 11:19:12,1775301552,R_75,33953.8925,-1,7.244299999998475,BACKFILL_AUTO
2026-04-04 11:19:14,1775301554,R_75,33950.0521,-1,3.8404000000009546,BACKFILL_AUTO
2026-04-04 11:19:16,1775301556,R_75,33946.9148,-1,3.137300000002142,BACKFILL_AUTO
2026-04-04 11:19:18,1775301558,R_75,33945.3269,-1,1.5878999999986263,BACKFILL_AUTO
2026-04-04 11:19:20,1775301560,R_75,33930.7691,-1,14.557800000002317,BACKFILL_AUTO
2026-04-04 11:19:22,1775301562,R_75,33922.5668,-1,8.202299999997194,BACKFILL_AUTO
2026-04-04 11:19:24,1775301564,R_75,33919.0736,-1,3.4931999999971595,BACKFILL_AUTO
2026-04-04 11:19:26,1775301566,R_75,33919.8498,1,0.7762000000002445,BACKFILL_AUTO
2026-04-04 11:19:28,1775301568,R_75,33925.6819,1,5.8320999999996275,BACKFILL_AUTO
2026-04-04 11:19:30,1775301570,R_75,33926.2591,1,0.5771999999997206,BACKFILL_AUTO
2026-04-04 11:19:32,1775301572,R_75,33920.6716,-1,5.587500000001455,BACKFILL_AUTO
2026-04-04 11:19:34,1775301574,R_75,33917.4109,-1,3.2606999999989057,BACKFILL_AUTO
2026-04-04 11:19:36,1775301576,R_75,33912.5933,-1,4.81760000000213,BACKFILL_AUTO
2026-04-04 11:19:38,1775301578,R_75,33903.9064,-1,8.686900000000605,BACKFILL_AUTO
2026-04-04 11:19:40,1775301580,R_75,33917.6053,1,13.69890000000305,BACKFILL_AUTO
2026-04-04 11:19:42,1775301582,R_75,33901.9595,-1,15.645800000005693,BACKFILL_AUTO
2026-04-04 11:19:44,1775301584,R_75,33912.9251,1,10.965600000003178,BACKFILL_AUTO
2026-04-04 11:19:46,1775301586,R_75,33922.1863,1,9.261200000000827,BACKFILL_AUTO
2026-04-04 11:19:48,1775301588,R_75,33924.5695,1,2.3831999999965774,BACKFILL_AUTO
2026-04-04 11:19:50,1775301590,R_75,33930.2448,1,5.675300000002608,BACKFILL_AUTO
2026-04-04 11:19:52,1775301592,R_75,33912.2354,-1,18.009400000002643,BACKFILL_AUTO
2026-04-04 11:19:54,1775301594,R_75,33906.4772,-1,5.758199999996577,BACKFILL_AUTO
2026-04-04 11:19:56,1775301596,R_75,33910.8448,1,4.367599999997765,BACKFILL_AUTO
2026-04-04 11:19:58,1775301598,R_75,33909.3534,-1,1.4913999999989755,BACKFILL_AUTO
2026-04-04 11:20:00,1775301600,R_75,33918.9697,1,9.616300000001502,BACKFILL_AUTO
2026-04-04 11:20:02,1775301602,R_75,33931.4243,1,12.4545999999973,BACKFILL_AUTO
2026-04-04 11:20:04,1775301604,R_75,33936.8018,1,5.377500000002328,BACKFILL_AUTO
2026-04-04 11:20:06,1775301606,R_75,33933.9805,-1,2.821300000003248,BACKFILL_AUTO
2026-04-04 11:20:08,1775301608,R_75,33934.7553,1,0.7747999999992317,BACKFILL_AUTO
2026-04-04 11:20:10,1775301610,R_75,33934.7516,-1,0.0036999999938416295,BACKFILL_AUTO
2026-04-04 11:20:12,1775301612,R_75,33933.5379,-1,1.2137000000002445,BACKFILL_AUTO
2026-04-04 11:20:14,1775301614,R_75,33929.7587,-1,3.7792000000044936,BACKFILL_AUTO
2026-04-04 11:20:16,1775301616,R_75,33933.9835,1,4.224800000003597,BACKFILL_AUTO
2026-04-04 11:20:18,1775301618,R_75,33935.7684,1,1.7848999999987427,BACKFILL_AUTO
2026-04-04 11:20:20,1775301620,R_75,33940.3563,1,4.587899999998626,BACKFILL_AUTO
2026-04-04 11:20:22,1775301622,R_75,33933.8405,-1,6.515800000001036,BACKFILL_AUTO
2026-04-04 11:20:24,1775301624,R_75,33925.7943,-1,8.046199999997043,BACKFILL_AUTO
2026-04-04 11:20:26,1775301626,R_75,33930.9633,1,5.169000000001688,BACKFILL_AUTO
2026-04-04 11:20:28,1775301628,R_75,33934.8142,1,3.8508999999976368,BACKFILL_AUTO
2026-04-04 11:20:30,1775301630,R_75,33933.3093,-1,1.5048999999999069,BACKFILL_AUTO
2026-04-04 11:20:32,1775301632,R_75,33927.642,-1,5.667300000000978,BACKFILL_AUTO
2026-04-04 11:20:34,1775301634,R_75,33928.5968,1,0.9547999999995227,BACKFILL_AUTO
2026-04-04 11:20:36,1775301636,R_75,33933.7373,1,5.140500000001339,BACKFILL_AUTO
2026-04-04 11:20:38,1775301638,R_75,33922.3252,-1,11.412100000001374,BACKFILL_AUTO
2026-04-04 11:20:40,1775301640,R_75,33932.1157,1,9.790500000002794,BACKFILL_AUTO
2026-04-04 11:20:42,1775301642,R_75,33932.5727,1,0.4569999999948777,BACKFILL_AUTO
2026-04-04 11:20:44,1775301644,R_75,33928.4882,-1,4.084499999997206,BACKFILL_AUTO
2026-04-04 11:20:46,1775301646,R_75,33927.5478,-1,0.9403999999994994,BACKFILL_AUTO
2026-04-04 11:20:48,1775301648,R_75,33931.4288,1,3.8810000000012224,BACKFILL_AUTO
2026-04-04 11:20:50,1775301650,R_75,33936.9201,1,5.491300000001502,BACKFILL_AUTO
2026-04-04 11:20:52,1775301652,R_75,33938.7369,1,1.8168000000005122,BACKFILL_AUTO
2026-04-04 11:20:54,1775301654,R_75,33948.6214,1,9.884500000000116,BACKFILL_AUTO
2026-04-04 11:20:56,1775301656,R_75,33932.871,-1,15.750400000004447,BACKFILL_AUTO
2026-04-04 11:20:58,1775301658,R_75,33934.0075,1,1.1365000000005239,BACKFILL_AUTO
2026-04-04 11:21:00,1775301660,R_75,33942.4228,1,8.41530000000057,BACKFILL_AUTO
2026-04-04 11:21:02,1775301662,R_75,33946.4138,1,3.9910000000018044,BACKFILL_AUTO
2026-04-04 11:21:04,1775301664,R_75,33952.8303,1,6.41649999999936,BACKFILL_AUTO
2026-04-04 11:21:06,1775301666,R_75,33966.9383,1,14.108000000000175,BACKFILL_AUTO
2026-04-04 11:21:08,1775301668,R_75,33955.5275,-1,11.41080000000511,BACKFILL_AUTO
2026-04-04 11:21:10,1775301670,R_75,33950.9892,-1,4.538299999992887,BACKFILL_AUTO
2026-04-04 11:21:12,1775301672,R_75,33964.7255,1,13.736299999996845,BACKFILL_AUTO
2026-04-04 11:21:14,1775301674,R_75,33962.114,-1,2.6114999999990687,BACKFILL_AUTO
2026-04-04 11:21:16,1775301676,R_75,33968.3312,1,6.2171999999991385,BACKFILL_AUTO
2026-04-04 11:21:18,1775301678,R_75,33959.4052,-1,8.925999999999476,BACKFILL_AUTO
2026-04-04 11:21:20,1775301680,R_75,33961.177,1,1.7718000000022585,BACKFILL_AUTO
2026-04-04 11:21:22,1775301682,R_75,33956.7963,-1,4.380700000001525,BACKFILL_AUTO
2026-04-04 11:21:24,1775301684,R_75,33956.368,-1,0.4282999999995809,BACKFILL_AUTO
2026-04-04 11:21:26,1775301686,R_75,33959.3485,1,2.9804999999978463,BACKFILL_AUTO
2026-04-04 11:21:28,1775301688,R_75,33966.0341,1,6.685599999997066,BACKFILL_AUTO
2026-04-04 11:21:30,1775301690,R_75,33955.9312,-1,10.102899999998044,BACKFILL_AUTO
2026-04-04 11:21:32,1775301692,R_75,33954.4067,-1,1.5244999999995343,BACKFILL_AUTO
2026-04-04 11:21:34,1775301694,R_75,33955.951,1,1.5443000000013853,BACKFILL_AUTO
2026-04-04 11:21:36,1775301696,R_75,33959.6881,1,3.7370999999984633,BACKFILL_AUTO
2026-04-04 11:21:38,1775301698,R_75,33968.4364,1,8.74829999999929,BACKFILL_AUTO
2026-04-04 11:21:40,1775301700,R_75,33969.4851,1,1.0486999999993714,BACKFILL_AUTO
2026-04-04 11:21:42,1775301702,R_75,33961.2895,-1,8.195599999999104,BACKFILL_AUTO
2026-04-04 11:21:44,1775301704,R_75,33968.0949,1,6.805399999997462,BACKFILL_AUTO
2026-04-04 11:21:46,1775301706,R_75,33968.8576,1,0.7627000000065891,BACKFILL_AUTO
2026-04-04 11:21:48,1775301708,R_75,33972.5059,1,3.648299999993469,BACKFILL_AUTO
2026-04-04 11:21:50,1775301710,R_75,33962.0842,-1,10.421699999998964,BACKFILL_AUTO
2026-04-04 11:21:52,1775301712,R_75,33964.9141,1,2.8299000000042724,BACKFILL_AUTO
2026-04-04 11:21:54,1775301714,R_75,33963.2901,-1,1.6240000000034343,BACKFILL_AUTO
2026-04-04 11:21:56,1775301716,R_75,33959.5609,-1,3.7292000000015832,BACKFILL_AUTO
2026-04-04 11:21:58,1775301718,R_75,33954.8045,-1,4.7563999999983935,BACKFILL_AUTO
2026-04-04 11:22:00,1775301720,R_75,33951.3645,-1,3.4399999999950523,BACKFILL_AUTO
2026-04-04 11:22:02,1775301722,R_75,33951.1002,-1,0.2643000000025495,BACKFILL_AUTO
2026-04-04 11:22:04,1775301724,R_75,33962.1163,1,11.016100000000733,BACKFILL_AUTO
2026-04-04 11:22:06,1775301726,R_75,33960.0334,-1,2.0829000000012456,BACKFILL_AUTO
2026-04-04 11:22:08,1775301728,R_75,33952.0359,-1,7.997499999997672,BACKFILL_AUTO
2026-04-04 11:22:10,1775301730,R_75,33941.5954,-1,10.44050000000425,BACKFILL_AUTO
2026-04-04 11:22:12,1775301732,R_75,33938.5109,-1,3.084499999997206,BACKFILL_AUTO
2026-04-04 11:22:14,1775301734,R_75,33935.0183,-1,3.492599999997765,BACKFILL_AUTO
2026-04-04 11:22:16,1775301736,R_75,33923.0145,-1,12.003800000005867,BACKFILL_AUTO
2026-04-04 11:22:18,1775301738,R_75,33927.437,1,4.422500000000582,BACKFILL_AUTO
2026-04-04 11:22:20,1775301740,R_75,33933.0252,1,5.588199999998324,BACKFILL_AUTO
2026-04-04 11:22:22,1775301742,R_75,33926.952,-1,6.073199999998906,BACKFILL_AUTO
2026-04-04 11:22:24,1775301744,R_75,33924.0204,-1,2.9315999999962514,BACKFILL_AUTO
2026-04-04 11:22:26,1775301746,R_75,33921.5149,-1,2.5054999999993015,BACKFILL_AUTO
2026-04-04 11:22:28,1775301748,R_75,33930.7847,1,9.269799999994575,BACKFILL_AUTO
2026-04-04 11:22:30,1775301750,R_75,33931.666,1,0.8813000000009197,BACKFILL_AUTO
2026-04-04 11:22:32,1775301752,R_75,33925.2822,-1,6.383799999995972,BACKFILL_AUTO
2026-04-04 11:22:34,1775301754,R_75,33926.0077,1,0.7255000000004657,BACKFILL_AUTO
2026-04-04 11:22:36,1775301756,R_75,33924.0443,-1,1.9634000000005472,BACKFILL_AUTO
2026-04-04 11:22:38,1775301758,R_75,33924.9098,1,0.8654999999998836,BACKFILL_AUTO
2026-04-04 11:22:40,1775301760,R_75,33926.5028,1,1.5930000000007567,BACKFILL_AUTO
2026-04-04 11:22:42,1775301762,R_75,33911.1772,-1,15.32560000000376,BACKFILL_AUTO
2026-04-04 11:22:44,1775301764,R_75,33911.2829,1,0.10570000000006985,BACKFILL_AUTO
2026-04-04 11:22:46,1775301766,R_75,33910.531,-1,0.7518999999956577,BACKFILL_AUTO
2026-04-04 11:22:48,1775301768,R_75,33916.6731,1,6.142099999997299,BACKFILL_AUTO
2026-04-04 11:22:50,1775301770,R_75,33920.3061,1,3.63300000000163,BACKFILL_AUTO
2026-04-04 11:22:52,1775301772,R_75,33916.9428,-1,3.3633000000045286,BACKFILL_AUTO
2026-04-04 11:22:54,1775301774,R_75,33912.3379,-1,4.604899999998452,BACKFILL_AUTO
2026-04-04 11:22:56,1775301776,R_75,33913.3172,1,0.979299999999057,BACKFILL_AUTO
2026-04-04 11:22:58,1775301778,R_75,33922.9964,1,9.679200000005949,BACKFILL_AUTO
2026-04-04 11:23:00,1775301780,R_75,33922.0731,-1,0.9233000000022002,BACKFILL_AUTO
2026-04-04 11:23:02,1775301782,R_75,33918.8604,-1,3.2127000000036787,BACKFILL_AUTO
2026-04-04 11:23:04,1775301784,R_75,33922.3866,1,3.5262000000002445,BACKFILL_AUTO
2026-04-04 11:23:06,1775301786,R_75,33916.0459,-1,6.340700000000652,BACKFILL_AUTO
2026-04-04 11:23:08,1775301788,R_75,33912.1261,-1,3.9197999999960302,BACKFILL_AUTO
2026-04-04 11:23:10,1775301790,R_75,33903.516,-1,8.610099999998056,BACKFILL_AUTO
2026-04-04 11:23:12,1775301792,R_75,33907.4905,1,3.974499999996624,BACKFILL_AUTO
2026-04-04 11:23:14,1775301794,R_75,33905.3302,-1,2.16030000000319,BACKFILL_AUTO
2026-04-04 11:23:16,1775301796,R_75,33905.5232,1,0.19300000000657747,BACKFILL_AUTO
2026-04-04 11:23:18,1775301798,R_75,33899.7652,-1,5.75800000000163,BACKFILL_AUTO
2026-04-04 11:23:20,1775301800,R_75,33882.3367,-1,17.428500000001804,BACKFILL_AUTO
2026-04-04 11:23:22,1775301802,R_75,33875.857,-1,6.479699999996228,BACKFILL_AUTO
2026-04-04 11:23:24,1775301804,R_75,33878.1544,1,2.2973999999958323,BACKFILL_AUTO
2026-04-04 11:23:26,1775301806,R_75,33873.9959,-1,4.15849999999773,BACKFILL_AUTO
2026-04-04 11:23:28,1775301808,R_75,33872.1921,-1,1.8038000000015018,BACKFILL_AUTO
2026-04-04 11:23:30,1775301810,R_75,33868.9715,-1,3.220600000000559,BACKFILL_AUTO
2026-04-04 11:23:32,1775301812,R_75,33859.3577,-1,9.613799999999173,BACKFILL_AUTO
2026-04-04 11:23:34,1775301814,R_75,33856.2492,-1,3.1085000000020955,BACKFILL_AUTO
2026-04-04 11:23:36,1775301816,R_75,33872.4167,1,16.1675000000032,BACKFILL_AUTO
2026-04-04 11:23:38,1775301818,R_75,33878.1505,1,5.733800000001793,BACKFILL_AUTO
2026-04-04 11:23:40,1775301820,R_75,33866.1828,-1,11.96770000000106,BACKFILL_AUTO
2026-04-04 11:23:42,1775301822,R_75,33864.6945,-1,1.4883000000045286,BACKFILL_AUTO
2026-04-04 11:23:44,1775301824,R_75,33870.178,1,5.4835000000020955,BACKFILL_AUTO
2026-04-04 11:23:46,1775301826,R_75,33869.6723,-1,0.505700000001525,BACKFILL_AUTO
2026-04-04 11:23:48,1775301828,R_75,33856.4453,-1,13.226999999998952,BACKFILL_AUTO
2026-04-04 11:23:50,1775301830,R_75,33850.363,-1,6.082300000001851,BACKFILL_AUTO
2026-04-04 11:23:52,1775301832,R_75,33846.9099,-1,3.4530999999988126,BACKFILL_AUTO
2026-04-04 11:23:54,1775301834,R_75,33841.2543,-1,5.6555999999982305,BACKFILL_AUTO
2026-04-04 11:23:56,1775301836,R_75,33848.6133,1,7.35899999999674,BACKFILL_AUTO
2026-04-04 11:23:58,1775301838,R_75,33847.1287,-1,1.484599999996135,BACKFILL_AUTO
2026-04-04 11:24:00,1775301840,R_75,33841.9421,-1,5.186600000000908,BACKFILL_AUTO
2026-04-04 11:24:02,1775301842,R_75,33842.9351,1,0.9930000000022119,BACKFILL_AUTO
2026-04-04 11:24:04,1775301844,R_75,33836.3399,-1,6.595200000003388,BACKFILL_AUTO
2026-04-04 11:24:06,1775301846,R_75,33834.4436,-1,1.8963000000003376,BACKFILL_AUTO
2026-04-04 11:24:08,1775301848,R_75,33827.0277,-1,7.415899999999965,BACKFILL_AUTO
2026-04-04 11:24:10,1775301850,R_75,33820.493,-1,6.534699999996519,BACKFILL_AUTO
2026-04-04 11:24:12,1775301852,R_75,33809.4285,-1,11.064500000000407,BACKFILL_AUTO
2026-04-04 11:24:14,1775301854,R_75,33809.5641,1,0.1356000000014319,BACKFILL_AUTO
2026-04-04 11:24:16,1775301856,R_75,33814.9577,1,5.393599999995786,BACKFILL_AUTO
2026-04-04 11:24:18,1775301858,R_75,33821.2219,1,6.2641999999978,BACKFILL_AUTO
2026-04-04 11:24:20,1775301860,R_75,33817.9185,-1,3.3033999999970547,BACKFILL_AUTO
2026-04-04 11:24:22,1775301862,R_75,33815.0474,-1,2.871099999996659,BACKFILL_AUTO
2026-04-04 11:24:24,1775301864,R_75,33814.1858,-1,0.8616000000038184,BACKFILL_AUTO
2026-04-04 11:24:26,1775301866,R_75,33814.1997,1,0.01389999999810243,BACKFILL_AUTO
2026-04-04 11:24:28,1775301868,R_75,33805.8397,-1,8.360000000000582,BACKFILL_AUTO
2026-04-04 11:24:30,1775301870,R_75,33804.0055,-1,1.8341999999975087,BACKFILL_AUTO
2026-04-04 11:24:32,1775301872,R_75,33808.4192,1,4.413699999997334,BACKFILL_AUTO
2026-04-04 11:24:34,1775301874,R_75,33819.4837,1,11.064500000000407,BACKFILL_AUTO
2026-04-04 11:24:36,1775301876,R_75,33816.5046,-1,2.9790999999968335,BACKFILL_AUTO
2026-04-04 11:24:38,1775301878,R_75,33820.1942,1,3.6895999999978812,BACKFILL_AUTO
2026-04-04 11:24:40,1775301880,R_75,33823.9562,1,3.7620000000024447,BACKFILL_AUTO
2026-04-04 11:24:42,1775301882,R_75,33829.1704,1,5.214200000002165,BACKFILL_AUTO
2026-04-04 11:24:44,1775301884,R_75,33826.6398,-1,2.5306000000055064,BACKFILL_AUTO
2026-04-04 11:24:46,1775301886,R_75,33829.6931,1,3.053299999999581,BACKFILL_AUTO
2026-04-04 11:24:48,1775301888,R_75,33837.6291,1,7.936000000001513,BACKFILL_AUTO
2026-04-04 11:24:50,1775301890,R_75,33831.3867,-1,6.242399999995541,BACKFILL_AUTO
2026-04-04 11:24:52,1775301892,R_75,33831.6619,1,0.27519999999640277,BACKFILL_AUTO
2026-04-04 11:24:54,1775301894,R_75,33830.8796,-1,0.7822999999989406,BACKFILL_AUTO
2026-04-04 11:24:56,1775301896,R_75,33818.5712,-1,12.308400000001711,BACKFILL_AUTO
2026-04-04 11:24:58,1775301898,R_75,33809.6749,-1,8.896300000000338,BACKFILL_AUTO
2026-04-04 11:25:00,1775301900,R_75,33806.3382,-1,3.336699999999837,BACKFILL_AUTO
2026-04-04 11:25:02,1775301902,R_75,33808.6979,1,2.3597000000008848,BACKFILL_AUTO
2026-04-04 11:25:04,1775301904,R_75,33809.8177,1,1.1198000000003958,BACKFILL_AUTO
2026-04-04 11:25:06,1775301906,R_75,33814.5023,1,4.684600000000501,BACKFILL_AUTO
2026-04-04 11:25:08,1775301908,R_75,33816.5537,1,2.0513999999966472,BACKFILL_AUTO
2026-04-04 11:25:10,1775301910,R_75,33820.7547,1,4.201000000000931,BACKFILL_AUTO
2026-04-04 11:25:12,1775301912,R_75,33817.2022,-1,3.5524999999979627,BACKFILL_AUTO
2026-04-04 11:25:14,1775301914,R_75,33806.9416,-1,10.260600000001432,BACKFILL_AUTO
2026-04-04 11:25:16,1775301916,R_75,33795.8603,-1,11.08129999999801,BACKFILL_AUTO
2026-04-04 11:25:18,1775301918,R_75,33799.6751,1,3.8148000000001048,BACKFILL_AUTO
2026-04-04 11:25:20,1775301920,R_75,33809.6529,1,9.97780000000057,BACKFILL_AUTO
2026-04-04 11:25:22,1775301922,R_75,33816.3907,1,6.737800000002608,BACKFILL_AUTO
2026-04-04 11:25:24,1775301924,R_75,33815.7568,-1,0.6339000000007218,BACKFILL_AUTO
2026-04-04 11:25:26,1775301926,R_75,33816.8615,1,1.1046999999962281,BACKFILL_AUTO
2026-04-04 11:25:28,1775301928,R_75,33814.7023,-1,2.1592000000018743,BACKFILL_AUTO
2026-04-04 11:25:30,1775301930,R_75,33818.2554,1,3.5531000000046333,BACKFILL_AUTO
2026-04-04 11:25:32,1775301932,R_75,33830.3951,1,12.13969999999972,BACKFILL_AUTO
2026-04-04 11:25:34,1775301934,R_75,33823.4079,-1,6.987200000003213,BACKFILL_AUTO
2026-04-04 11:25:36,1775301936,R_75,33808.9993,-1,14.408599999995204,BACKFILL_AUTO
2026-04-04 11:25:38,1775301938,R_75,33816.0452,1,7.045899999997346,BACKFILL_AUTO
2026-04-04 11:25:40,1775301940,R_75,33822.7512,1,6.705999999998312,BACKFILL_AUTO
2026-04-04 11:25:42,1775301942,R_75,33827.9305,1,5.179300000003423,BACKFILL_AUTO
2026-04-04 11:25:44,1775301944,R_75,33819.9865,-1,7.944000000003143,BACKFILL_AUTO
2026-04-04 11:25:46,1775301946,R_75,33821.3352,1,1.3487000000022817,BACKFILL_AUTO
2026-04-04 11:25:48,1775301948,R_75,33816.846,-1,4.4892000000036205,BACKFILL_AUTO
2026-04-04 11:25:50,1775301950,R_75,33815.4747,-1,1.3712999999988824,BACKFILL_AUTO
2026-04-04 11:25:52,1775301952,R_75,33822.7447,1,7.2700000000040745,BACKFILL_AUTO
2026-04-04 11:25:54,1775301954,R_75,33822.4001,-1,0.34460000000399305,BACKFILL_AUTO
2026-04-04 11:25:56,1775301956,R_75,33817.029,-1,5.371099999996659,BACKFILL_AUTO
2026-04-04 11:25:58,1775301958,R_75,33817.8648,1,0.8358000000007451,BACKFILL_AUTO
2026-04-04 11:26:00,1775301960,R_75,33821.7294,1,3.8645999999935157,BACKFILL_AUTO
2026-04-04 11:26:02,1775301962,R_75,33821.0127,-1,0.7166999999972177,BACKFILL_AUTO
2026-04-04 11:26:04,1775301964,R_75,33822.0382,1,1.025500000003376,BACKFILL_AUTO
2026-04-04 11:26:06,1775301966,R_75,33813.7249,-1,8.313300000001618,BACKFILL_AUTO
2026-04-04 11:26:08,1775301968,R_75,33815.9195,1,2.194600000002538,BACKFILL_AUTO
2026-04-04 11:26:10,1775301970,R_75,33813.9494,-1,1.970100000005914,BACKFILL_AUTO
2026-04-04 11:26:12,1775301972,R_75,33808.0971,-1,5.85229999999865,BACKFILL_AUTO
2026-04-04 11:26:14,1775301974,R_75,33808.396,1,0.2989000000015949,BACKFILL_AUTO
2026-04-04 11:26:16,1775301976,R_75,33802.587,-1,5.809000000001106,BACKFILL_AUTO
2026-04-04 11:26:18,1775301978,R_75,33809.101,1,6.514000000002852,BACKFILL_AUTO
2026-04-04 11:26:20,1775301980,R_75,33810.943,1,1.841999999996915,BACKFILL_AUTO
2026-04-04 11:26:22,1775301982,R_75,33802.3831,-1,8.559900000000198,BACKFILL_AUTO
2026-04-04 11:26:24,1775301984,R_75,33794.6601,-1,7.722999999998137,BACKFILL_AUTO
2026-04-04 11:26:26,1775301986,R_75,33811.3536,1,16.693500000001222,BACKFILL_AUTO
2026-04-04 11:26:28,1775301988,R_75,33810.4272,-1,0.9264000000039232,BACKFILL_AUTO
2026-04-04 11:26:30,1775301990,R_75,33806.7347,-1,3.6924999999973807,BACKFILL_AUTO
2026-04-04 11:26:32,1775301992,R_75,33815.6785,1,8.94380000000092,BACKFILL_AUTO
2026-04-04 11:26:34,1775301994,R_75,33823.461,1,7.782500000001164,BACKFILL_AUTO
2026-04-04 11:26:36,1775301996,R_75,33822.3708,-1,1.090200000006007,BACKFILL_AUTO
2026-04-04 11:26:38,1775301998,R_75,33824.1807,1,1.809900000000198,BACKFILL_AUTO
2026-04-04 11:26:40,1775302000,R_75,33811.752,-1,12.428699999996752,BACKFILL_AUTO
2026-04-04 11:26:42,1775302002,R_75,33822.9503,1,11.19829999999638,BACKFILL_AUTO
2026-04-04 11:26:44,1775302004,R_75,33832.1098,1,9.159500000001572,BACKFILL_AUTO
2026-04-04 11:26:46,1775302006,R_75,33829.9879,-1,2.121899999998277,BACKFILL_AUTO
2026-04-04 11:26:48,1775302008,R_75,33815.9387,-1,14.049200000001292,BACKFILL_AUTO
2026-04-04 11:26:50,1775302010,R_75,33811.6109,-1,4.327799999999115,BACKFILL_AUTO
2026-04-04 11:26:52,1775302012,R_75,33811.6605,1,0.04959999999846332,BACKFILL_AUTO
2026-04-04 11:26:54,1775302014,R_75,33815.1314,1,3.470900000000256,BACKFILL_AUTO
2026-04-04 11:26:56,1775302016,R_75,33813.6511,-1,1.4802999999956228,BACKFILL_AUTO
2026-04-04 11:26:58,1775302018,R_75,33808.2466,-1,5.404500000004191,BACKFILL_AUTO
2026-04-04 11:27:00,1775302020,R_75,33806.8307,-1,1.415899999999965,BACKFILL_AUTO
2026-04-04 11:27:02,1775302022,R_75,33814.8016,1,7.970900000000256,BACKFILL_AUTO
2026-04-04 11:27:04,1775302024,R_75,33814.9916,1,0.1900000000023283,BACKFILL_AUTO
2026-04-04 11:27:06,1775302026,R_75,33809.2048,-1,5.786800000001676,BACKFILL_AUTO
2026-04-04 11:27:08,1775302028,R_75,33795.0382,-1,14.166599999996834,BACKFILL_AUTO
2026-04-04 11:27:10,1775302030,R_75,33797.6471,1,2.6088999999992666,BACKFILL_AUTO
2026-04-04 11:27:12,1775302032,R_75,33792.0507,-1,5.596400000002177,BACKFILL_AUTO
2026-04-04 11:27:14,1775302034,R_75,33788.179,-1,3.8717000000033295,BACKFILL_AUTO
2026-04-04 11:27:16,1775302036,R_75,33786.3383,-1,1.840699999993376,BACKFILL_AUTO
2026-04-04 11:27:18,1775302038,R_75,33788.4607,1,2.122400000000198,BACKFILL_AUTO
2026-04-04 11:27:20,1775302040,R_75,33784.7759,-1,3.684800000002724,BACKFILL_AUTO
2026-04-04 11:27:22,1775302042,R_75,33786.942,1,2.1661000000021886,BACKFILL_AUTO
2026-04-04 11:27:24,1775302044,R_75,33797.4073,1,10.465299999996205,BACKFILL_AUTO
2026-04-04 11:27:26,1775302046,R_75,33799.433,1,2.0256999999983236,BACKFILL_AUTO
2026-04-04 11:27:28,1775302048,R_75,33813.0842,1,13.651200000000244,BACKFILL_AUTO
2026-04-04 11:27:30,1775302050,R_75,33809.064,-1,4.020199999999022,BACKFILL_AUTO
2026-04-04 11:27:32,1775302052,R_75,33821.2433,1,12.179300000003423,BACKFILL_AUTO
2026-04-04 11:27:34,1775302054,R_75,33827.7732,1,6.529900000001362,BACKFILL_AUTO
2026-04-04 11:27:36,1775302056,R_75,33822.1245,-1,5.648700000005192,BACKFILL_AUTO
2026-04-04 11:27:38,1775302058,R_75,33823.4677,1,1.3432000000029802,BACKFILL_AUTO
2026-04-04 11:27:40,1775302060,R_75,33820.6314,-1,2.836300000002666,BACKFILL_AUTO
2026-04-04 11:27:42,1775302062,R_75,33828.0585,1,7.427100000000792,BACKFILL_AUTO
2026-04-04 11:27:44,1775302064,R_75,33826.0654,-1,1.9930999999996857,BACKFILL_AUTO
2026-04-04 11:27:46,1775302066,R_75,33823.8612,-1,2.204200000000128,BACKFILL_AUTO
2026-04-04 11:27:48,1775302068,R_75,33823.5738,-1,0.287400000001071,BACKFILL_AUTO
2026-04-04 11:27:50,1775302070,R_75,33835.2031,1,11.629300000000512,BACKFILL_AUTO
2026-04-04 11:27:52,1775302072,R_75,33844.7526,1,9.54950000000099,BACKFILL_AUTO
2026-04-04 11:27:54,1775302074,R_75,33850.2015,1,5.44890000000305,BACKFILL_AUTO
2026-04-04 11:27:56,1775302076,R_75,33846.2082,-1,3.993300000001909,BACKFILL_AUTO
2026-04-04 11:27:58,1775302078,R_75,33848.17,1,1.9617999999973108,BACKFILL_AUTO
2026-04-04 11:28:00,1775302080,R_75,33859.9682,1,11.798200000004726,BACKFILL_AUTO
2026-04-04 11:28:02,1775302082,R_75,33864.3499,1,4.381699999998091,BACKFILL_AUTO
2026-04-04 11:28:04,1775302084,R_75,33871.6423,1,7.292399999998452,BACKFILL_AUTO
2026-04-04 11:28:06,1775302086,R_75,33879.3495,1,7.707199999997101,BACKFILL_AUTO
2026-04-04 11:28:08,1775302088,R_75,33870.8332,-1,8.516299999995681,BACKFILL_AUTO
2026-04-04 11:28:10,1775302090,R_75,33873.8745,1,3.041299999997136,BACKFILL_AUTO
2026-04-04 11:28:12,1775302092,R_75,33863.8946,-1,9.979899999998452,BACKFILL_AUTO
2026-04-04 11:28:14,1775302094,R_75,33868.3965,1,4.501900000002934,BACKFILL_AUTO
2026-04-04 11:28:16,1775302096,R_75,33866.3987,-1,1.997800000004645,BACKFILL_AUTO
2026-04-04 11:28:18,1775302098,R_75,33854.9816,-1,11.417099999998754,BACKFILL_AUTO
2026-04-04 11:28:20,1775302100,R_75,33850.1217,-1,4.859899999995832,BACKFILL_AUTO
2026-04-04 11:28:22,1775302102,R_75,33852.2548,1,2.1330999999991036,BACKFILL_AUTO
2026-04-04 11:28:24,1775302104,R_75,33844.0284,-1,8.226399999999558,BACKFILL_AUTO
2026-04-04 11:28:26,1775302106,R_75,33840.5541,-1,3.4743000000016764,BACKFILL_AUTO
2026-04-04 11:28:28,1775302108,R_75,33844.6555,1,4.101399999999558,BACKFILL_AUTO
2026-04-04 11:28:30,1775302110,R_75,33844.2436,-1,0.41189999999915017,BACKFILL_AUTO
2026-04-04 11:28:32,1775302112,R_75,33843.984,-1,0.25960000000486616,BACKFILL_AUTO
2026-04-04 11:28:34,1775302114,R_75,33836.7362,-1,7.247799999997369,BACKFILL_AUTO
2026-04-04 11:28:36,1775302116,R_75,33837.1087,1,0.3724999999976717,BACKFILL_AUTO
2026-04-04 11:28:38,1775302118,R_75,33842.532,1,5.4233000000022,BACKFILL_AUTO
2026-04-04 11:28:40,1775302120,R_75,33840.648,-1,1.8839999999981956,BACKFILL_AUTO
2026-04-04 11:28:42,1775302122,R_75,33832.1941,-1,8.45390000000043,BACKFILL_AUTO
2026-04-04 11:28:44,1775302124,R_75,33842.5461,1,10.351999999998952,BACKFILL_AUTO
2026-04-04 11:28:46,1775302126,R_75,33844.516,1,1.9699000000036904,BACKFILL_AUTO
2026-04-04 11:28:48,1775302128,R_75,33834.9966,-1,9.51940000000468,BACKFILL_AUTO
2026-04-04 11:28:50,1775302130,R_75,33838.5094,1,3.512800000004063,BACKFILL_AUTO
2026-04-04 11:28:52,1775302132,R_75,33835.8618,-1,2.6476000000038766,BACKFILL_AUTO
2026-04-04 11:28:54,1775302134,R_75,33838.5245,1,2.6627000000007683,BACKFILL_AUTO
2026-04-04 11:28:56,1775302136,R_75,33846.0738,1,7.549299999998766,BACKFILL_AUTO
2026-04-04 11:28:58,1775302138,R_75,33851.6546,1,5.580800000003364,BACKFILL_AUTO
2026-04-04 11:29:00,1775302140,R_75,33848.7161,-1,2.9385000000038417,BACKFILL_AUTO
2026-04-04 11:29:02,1775302142,R_75,33843.2422,-1,5.473899999997229,BACKFILL_AUTO
2026-04-04 11:29:04,1775302144,R_75,33841.0614,-1,2.180800000001909,BACKFILL_AUTO
2026-04-04 11:29:06,1775302146,R_75,33833.7509,-1,7.3104999999995925,BACKFILL_AUTO
2026-04-04 11:29:08,1775302148,R_75,33832.4962,-1,1.2546999999976833,BACKFILL_AUTO
2026-04-04 11:29:10,1775302150,R_75,33843.8801,1,11.383900000000722,BACKFILL_AUTO
2026-04-04 11:29:12,1775302152,R_75,33844.6457,1,0.7655999999988126,BACKFILL_AUTO
2026-04-04 11:29:14,1775302154,R_75,33845.4709,1,0.8251999999993131,BACKFILL_AUTO
2026-04-04 11:29:16,1775302156,R_75,33840.8443,-1,4.626600000003236,BACKFILL_AUTO
2026-04-04 11:29:18,1775302158,R_75,33847.1385,1,6.2942000000039116,BACKFILL_AUTO
2026-04-04 11:29:20,1775302160,R_75,33839.5004,-1,7.63810000000376,BACKFILL_AUTO
2026-04-04 11:29:22,1775302162,R_75,33839.7831,1,0.2827000000033877,BACKFILL_AUTO
2026-04-04 11:29:24,1775302164,R_75,33844.5888,1,4.8056999999971595,BACKFILL_AUTO
2026-04-04 11:29:26,1775302166,R_75,33831.8583,-1,12.730499999997846,BACKFILL_AUTO
2026-04-04 11:29:28,1775302168,R_75,33839.3895,1,7.531199999997625,BACKFILL_AUTO
2026-04-04 11:29:30,1775302170,R_75,33841.121,1,1.731500000001688,BACKFILL_AUTO
2026-04-04 11:29:32,1775302172,R_75,33841.0719,-1,0.049099999996542465,BACKFILL_AUTO
2026-04-04 11:29:34,1775302174,R_75,33836.9342,-1,4.137699999999313,BACKFILL_AUTO
2026-04-04 11:29:36,1775302176,R_75,33839.38,1,2.445799999994051,BACKFILL_AUTO
2026-04-04 11:29:38,1775302178,R_75,33834.8832,-1,4.496800000000803,BACKFILL_AUTO
2026-04-04 11:29:40,1775302180,R_75,33834.775,-1,0.1081999999951222,BACKFILL_AUTO
2026-04-04 11:29:42,1775302182,R_75,33846.8038,1,12.028800000000047,BACKFILL_AUTO
2026-04-04 11:29:44,1775302184,R_75,33839.5151,-1,7.28870000000461,BACKFILL_AUTO
2026-04-04 11:29:46,1775302186,R_75,33846.8797,1,7.364600000000792,BACKFILL_AUTO
2026-04-04 11:29:48,1775302188,R_75,33850.3841,1,3.504400000005262,BACKFILL_AUTO
2026-04-04 11:29:50,1775302190,R_75,33846.0899,-1,4.2942000000039116,BACKFILL_AUTO
2026-04-04 11:29:52,1775302192,R_75,33854.178,1,8.08810000000085,BACKFILL_AUTO
2026-04-04 11:29:54,1775302194,R_75,33857.323,1,3.1449999999967986,BACKFILL_AUTO
2026-04-04 11:29:56,1775302196,R_75,33860.1214,1,2.79840000000695,BACKFILL_AUTO
2026-04-04 11:29:58,1775302198,R_75,33867.322,1,7.200599999996484,BACKFILL_AUTO
2026-04-04 11:30:00,1775302200,R_75,33865.1831,-1,2.1388999999981024,BACKFILL_AUTO
2026-04-04 11:30:02,1775302202,R_75,33869.5125,1,4.329399999995076,BACKFILL_AUTO
2026-04-04 11:30:04,1775302204,R_75,33866.0717,-1,3.4407999999966705,BACKFILL_AUTO
2026-04-04 11:30:06,1775302206,R_75,33871.0058,1,4.93409999999858,BACKFILL_AUTO
2026-04-04 11:30:08,1775302208,R_75,33868.6931,-1,2.3127000000022235,BACKFILL_AUTO
2026-04-04 11:30:10,1775302210,R_75,33870.1024,1,1.409300000006624,BACKFILL_AUTO
2026-04-04 11:30:12,1775302212,R_75,33871.6405,1,1.5380999999979394,BACKFILL_AUTO
2026-04-04 11:30:14,1775302214,R_75,33865.2324,-1,6.408100000000559,BACKFILL_AUTO
2026-04-04 11:30:16,1775302216,R_75,33861.4013,-1,3.8311000000030617,BACKFILL_AUTO
2026-04-04 11:30:18,1775302218,R_75,33867.2115,1,5.810199999999895,BACKFILL_AUTO
2026-04-04 11:30:20,1775302220,R_75,33859.9377,-1,7.27379999999539,BACKFILL_AUTO
2026-04-04 11:30:22,1775302222,R_75,33860.7891,1,0.8513999999995576,BACKFILL_AUTO
2026-04-04 11:30:24,1775302224,R_75,33864.463,1,3.673900000001595,BACKFILL_AUTO
2026-04-04 11:30:26,1775302226,R_75,33874.6759,1,10.212899999998626,BACKFILL_AUTO
2026-04-04 11:30:28,1775302228,R_75,33875.2372,1,0.5613000000012107,BACKFILL_AUTO
2026-04-04 11:30:30,1775302230,R_75,33871.8795,-1,3.3577000000004773,BACKFILL_AUTO
2026-04-04 11:30:32,1775302232,R_75,33875.4897,1,3.6101999999955297,BACKFILL_AUTO
2026-04-04 11:30:34,1775302234,R_75,33873.2141,-1,2.27560000000085,BACKFILL_AUTO
2026-04-04 11:30:36,1775302236,R_75,33874.9203,1,1.7062000000005355,BACKFILL_AUTO
2026-04-04 11:30:38,1775302238,R_75,33872.3916,-1,2.528699999995297,BACKFILL_AUTO
2026-04-04 11:30:40,1775302240,R_75,33870.2718,-1,2.119800000000396,BACKFILL_AUTO
2026-04-04 11:30:42,1775302242,R_75,33870.0015,-1,0.27030000000377186,BACKFILL_AUTO
2026-04-04 11:30:44,1775302244,R_75,33861.2612,-1,8.74029999999766,BACKFILL_AUTO
2026-04-04 11:30:46,1775302246,R_75,33868.6683,1,7.407099999996717,BACKFILL_AUTO
2026-04-04 11:30:48,1775302248,R_75,33863.0798,-1,5.588499999998021,BACKFILL_AUTO
2026-04-04 11:30:50,1775302250,R_75,33874.4024,1,11.322599999999511,BACKFILL_AUTO
2026-04-04 11:30:52,1775302252,R_75,33878.916,1,4.513599999998405,BACKFILL_AUTO
2026-04-04 11:30:54,1775302254,R_75,33881.1436,1,2.227600000005623,BACKFILL_AUTO
2026-04-04 11:30:56,1775302256,R_75,33884.2009,1,3.057300000000396,BACKFILL_AUTO
2026-04-04 11:30:58,1775302258,R_75,33876.4543,-1,7.746600000005856,BACKFILL_AUTO
2026-04-04 11:31:00,1775302260,R_75,33881.8837,1,5.429400000000896,BACKFILL_AUTO
2026-04-04 11:31:02,1775302262,R_75,33888.5026,1,6.618900000001304,BACKFILL_AUTO
2026-04-04 11:31:04,1775302264,R_75,33882.3247,-1,6.17790000000241,BACKFILL_AUTO
2026-04-04 11:31:06,1775302266,R_75,33881.2974,-1,1.027299999994284,BACKFILL_AUTO
2026-04-04 11:31:08,1775302268,R_75,33885.2744,1,3.9769999999989523,BACKFILL_AUTO
2026-04-04 11:31:10,1775302270,R_75,33881.7759,-1,3.4985000000015134,BACKFILL_AUTO
2026-04-04 11:31:12,1775302272,R_75,33879.572,-1,2.2039000000004307,BACKFILL_AUTO
2026-04-04 11:31:14,1775302274,R_75,33878.3899,-1,1.1820999999981723,BACKFILL_AUTO
2026-04-04 11:31:16,1775302276,R_75,33870.2503,-1,8.139600000002247,BACKFILL_AUTO
2026-04-04 11:31:18,1775302278,R_75,33863.7884,-1,6.4619000000020606,BACKFILL_AUTO
2026-04-04 11:31:20,1775302280,R_75,33854.1592,-1,9.629199999995762,BACKFILL_AUTO
2026-04-04 11:31:22,1775302282,R_75,33853.9809,-1,0.1782999999995809,BACKFILL_AUTO
2026-04-04 11:31:24,1775302284,R_75,33860.1624,1,6.181499999998778,BACKFILL_AUTO
2026-04-04 11:31:26,1775302286,R_75,33852.9269,-1,7.235500000002503,BACKFILL_AUTO
2026-04-04 11:31:28,1775302288,R_75,33849.0815,-1,3.8453999999983353,BACKFILL_AUTO
2026-04-04 11:31:30,1775302290,R_75,33842.6164,-1,6.465100000001257,BACKFILL_AUTO
2026-04-04 11:31:32,1775302292,R_75,33840.7304,-1,1.885999999998603,BACKFILL_AUTO
2026-04-04 11:31:34,1775302294,R_75,33839.6318,-1,1.098599999997532,BACKFILL_AUTO
2026-04-04 11:31:36,1775302296,R_75,33839.2876,-1,0.344199999999546,BACKFILL_AUTO
2026-04-04 11:31:38,1775302298,R_75,33833.9879,-1,5.299700000003213,BACKFILL_AUTO
2026-04-04 11:31:40,1775302300,R_75,33827.9671,-1,6.020799999998417,BACKFILL_AUTO
2026-04-04 11:31:42,1775302302,R_75,33829.2034,1,1.2362999999968451,BACKFILL_AUTO
2026-04-04 11:31:44,1775302304,R_75,33838.5927,1,9.38930000000255,BACKFILL_AUTO
2026-04-04 11:31:46,1775302306,R_75,33842.6247,1,4.031999999999243,BACKFILL_AUTO
2026-04-04 11:31:48,1775302308,R_75,33848.4974,1,5.872699999999895,BACKFILL_AUTO
2026-04-04 11:31:50,1775302310,R_75,33857.8165,1,9.319100000000617,BACKFILL_AUTO
2026-04-04 11:31:52,1775302312,R_75,33865.8579,1,8.041400000001886,BACKFILL_AUTO
2026-04-04 11:31:54,1775302314,R_75,33854.2642,-1,11.593700000004901,BACKFILL_AUTO
2026-04-04 11:31:56,1775302316,R_75,33856.7657,1,2.5015000000057626,BACKFILL_AUTO
2026-04-04 11:31:58,1775302318,R_75,33860.6883,1,3.922599999998056,BACKFILL_AUTO
2026-04-04 11:32:00,1775302320,R_75,33874.9675,1,14.279199999997218,BACKFILL_AUTO
2026-04-04 11:32:02,1775302322,R_75,33874.2527,-1,0.71480000000156,BACKFILL_AUTO
2026-04-04 11:32:04,1775302324,R_75,33871.2838,-1,2.9688999999998487,BACKFILL_AUTO
2026-04-04 11:32:06,1775302326,R_75,33865.0016,-1,6.282199999994191,BACKFILL_AUTO
2026-04-04 11:32:08,1775302328,R_75,33866.3029,1,1.3012999999991735,BACKFILL_AUTO
2026-04-04 11:32:10,1775302330,R_75,33864.576,-1,1.7269000000014785,BACKFILL_AUTO
2026-04-04 11:32:12,1775302332,R_75,33863.7203,-1,0.8557000000000698,BACKFILL_AUTO
2026-04-04 11:32:14,1775302334,R_75,33858.5892,-1,5.131099999998696,BACKFILL_AUTO
2026-04-04 11:32:16,1775302336,R_75,33858.6835,1,0.09429999999701977,BACKFILL_AUTO
2026-04-04 11:32:18,1775302338,R_75,33850.8281,-1,7.8554000000003725,BACKFILL_AUTO
2026-04-04 11:32:20,1775302340,R_75,33847.9431,-1,2.8850000000020373,BACKFILL_AUTO
2026-04-04 11:32:22,1775302342,R_75,33848.9097,1,0.9665999999997439,BACKFILL_AUTO
2026-04-04 11:32:24,1775302344,R_75,33839.8046,-1,9.1050999999934,BACKFILL_AUTO
2026-04-04 11:32:26,1775302346,R_75,33849.0109,1,9.20629999999801,BACKFILL_AUTO
2026-04-04 11:32:28,1775302348,R_75,33860.6,1,11.589099999997416,BACKFILL_AUTO
2026-04-04 11:32:30,1775302350,R_75,33850.5116,-1,10.088400000000547,BACKFILL_AUTO
2026-04-04 11:32:32,1775302352,R_75,33843.9888,-1,6.522799999998824,BACKFILL_AUTO
2026-04-04 11:32:34,1775302354,R_75,33848.0428,1,4.054000000003725,BACKFILL_AUTO
2026-04-04 11:32:36,1775302356,R_75,33846.833,-1,1.2098000000041793,BACKFILL_AUTO
2026-04-04 11:32:38,1775302358,R_75,33844.2544,-1,2.5786000000007334,BACKFILL_AUTO
2026-04-04 11:32:40,1775302360,R_75,33849.9161,1,5.661700000004203,BACKFILL_AUTO
2026-04-04 11:32:42,1775302362,R_75,33850.6543,1,0.7381999999997788,BACKFILL_AUTO
2026-04-04 11:32:44,1775302364,R_75,33856.6476,1,5.993299999994633,BACKFILL_AUTO
2026-04-04 11:32:46,1775302366,R_75,33850.9179,-1,5.729699999996228,BACKFILL_AUTO
2026-04-04 11:32:48,1775302368,R_75,33860.3716,1,9.453699999998207,BACKFILL_AUTO
2026-04-04 11:32:50,1775302370,R_75,33860.034,-1,0.337599999998929,BACKFILL_AUTO
2026-04-04 11:32:52,1775302372,R_75,33860.9993,1,0.9653000000034808,BACKFILL_AUTO
2026-04-04 11:32:54,1775302374,R_75,33859.3522,-1,1.6471000000019558,BACKFILL_AUTO
2026-04-04 11:32:56,1775302376,R_75,33857.0968,-1,2.2554000000018277,BACKFILL_AUTO
2026-04-04 11:32:58,1775302378,R_75,33860.8196,1,3.72280000000319,BACKFILL_AUTO
2026-04-04 11:33:00,1775302380,R_75,33857.7568,-1,3.0627999999996973,BACKFILL_AUTO
2026-04-04 11:33:02,1775302382,R_75,33855.4121,-1,2.344700000001467,BACKFILL_AUTO
2026-04-04 11:33:04,1775302384,R_75,33857.4132,1,2.0011000000013155,BACKFILL_AUTO
2026-04-04 11:33:06,1775302386,R_75,33856.5578,-1,0.8554000000003725,BACKFILL_AUTO
2026-04-04 11:33:08,1775302388,R_75,33843.1995,-1,13.358299999999872,BACKFILL_AUTO
2026-04-04 11:33:10,1775302390,R_75,33844.1213,1,0.9217999999964377,BACKFILL_AUTO
2026-04-04 11:33:12,1775302392,R_75,33850.2807,1,6.159400000004098,BACKFILL_AUTO
2026-04-04 11:33:14,1775302394,R_75,33840.1575,-1,10.123200000001816,BACKFILL_AUTO
2026-04-04 11:33:16,1775302396,R_75,33835.5932,-1,4.564299999998184,BACKFILL_AUTO
2026-04-04 11:33:18,1775302398,R_75,33828.389,-1,7.204200000000128,BACKFILL_AUTO
2026-04-04 11:33:20,1775302400,R_75,33836.1087,1,7.719699999994191,BACKFILL_AUTO
2026-04-04 11:33:22,1775302402,R_75,33840.9469,1,4.8382000000056,BACKFILL_AUTO
2026-04-04 11:33:24,1775302404,R_75,33844.3689,1,3.4219999999986612,BACKFILL_AUTO
2026-04-04 11:33:26,1775302406,R_75,33847.6223,1,3.2534000000014203,BACKFILL_AUTO
2026-04-04 11:33:28,1775302408,R_75,33854.1832,1,6.560899999996764,BACKFILL_AUTO
2026-04-04 11:33:30,1775302410,R_75,33845.8134,-1,8.369800000000396,BACKFILL_AUTO
2026-04-04 11:33:32,1775302412,R_75,33841.357,-1,4.456399999995483,BACKFILL_AUTO
2026-04-04 11:33:34,1775302414,R_75,33842.3397,1,0.9826999999932013,BACKFILL_AUTO
2026-04-04 11:33:36,1775302416,R_75,33836.3122,-1,6.0274999999965075,BACKFILL_AUTO
2026-04-04 11:33:38,1775302418,R_75,33824.9698,-1,11.342400000001362,BACKFILL_AUTO
2026-04-04 11:33:40,1775302420,R_75,33828.8048,1,3.834999999999127,BACKFILL_AUTO
2026-04-04 11:33:42,1775302422,R_75,33833.4549,1,4.650099999998929,BACKFILL_AUTO
2026-04-04 11:33:44,1775302424,R_75,33827.6272,-1,5.8276999999943655,BACKFILL_AUTO
2026-04-04 11:33:46,1775302426,R_75,33834.6377,1,7.010499999996682,BACKFILL_AUTO
2026-04-04 11:33:48,1775302428,R_75,33815.6911,-1,18.946600000002945,BACKFILL_AUTO
2026-04-04 11:33:50,1775302430,R_75,33808.2758,-1,7.4152999999932945,BACKFILL_AUTO
2026-04-04 11:33:52,1775302432,R_75,33809.7842,1,1.508399999998801,BACKFILL_AUTO
2026-04-04 11:33:54,1775302434,R_75,33802.2865,-1,7.497699999999895,BACKFILL_AUTO
2026-04-04 11:33:56,1775302436,R_75,33801.3532,-1,0.9333000000042375,BACKFILL_AUTO
2026-04-04 11:33:58,1775302438,R_75,33808.6125,1,7.259300000005169,BACKFILL_AUTO
2026-04-04 11:34:00,1775302440,R_75,33815.9085,1,7.2959999999948195,BACKFILL_AUTO
2026-04-04 11:34:02,1775302442,R_75,33829.6845,1,13.776000000005297,BACKFILL_AUTO
2026-04-04 11:34:04,1775302444,R_75,33827.926,-1,1.7585000000035507,BACKFILL_AUTO
2026-04-04 11:34:06,1775302446,R_75,33836.4795,1,8.553500000001804,BACKFILL_AUTO
2026-04-04 11:34:08,1775302448,R_75,33825.8848,-1,10.594700000001467,BACKFILL_AUTO
2026-04-04 11:34:10,1775302450,R_75,33822.0735,-1,3.8113000000012107,BACKFILL_AUTO
2026-04-04 11:34:12,1775302452,R_75,33818.037,-1,4.036500000001979,BACKFILL_AUTO
2026-04-04 11:34:14,1775302454,R_75,33824.9748,1,6.937800000006973,BACKFILL_AUTO
2026-04-04 11:34:16,1775302456,R_75,33823.7377,-1,1.2371000000057393,BACKFILL_AUTO
2026-04-04 11:34:18,1775302458,R_75,33819.7236,-1,4.014100000000326,BACKFILL_AUTO
2026-04-04 11:34:20,1775302460,R_75,33824.1852,1,4.461600000002363,BACKFILL_AUTO
2026-04-04 11:34:22,1775302462,R_75,33823.7051,-1,0.4801000000006752,BACKFILL_AUTO
2026-04-04 11:34:24,1775302464,R_75,33824.609,1,0.9038999999975204,BACKFILL_AUTO
2026-04-04 11:34:26,1775302466,R_75,33807.1744,-1,17.434599999993225,BACKFILL_AUTO
2026-04-04 11:34:28,1775302468,R_75,33804.4474,-1,2.727000000006228,BACKFILL_AUTO
2026-04-04 11:34:30,1775302470,R_75,33808.1754,1,3.728000000002794,BACKFILL_AUTO
2026-04-04 11:34:32,1775302472,R_75,33810.6727,1,2.497300000002724,BACKFILL_AUTO
2026-04-04 11:34:34,1775302474,R_75,33809.0443,-1,1.6284000000014203,BACKFILL_AUTO
2026-04-04 11:34:36,1775302476,R_75,33802.3041,-1,6.740200000000186,BACKFILL_AUTO
2026-04-04 11:34:38,1775302478,R_75,33803.5469,1,1.2427999999999884,BACKFILL_AUTO
2026-04-04 11:34:40,1775302480,R_75,33810.1603,1,6.613400000002002,BACKFILL_AUTO
2026-04-04 11:34:42,1775302482,R_75,33812.8235,1,2.6631999999954132,BACKFILL_AUTO
2026-04-04 11:34:44,1775302484,R_75,33818.5025,1,5.679000000003725,BACKFILL_AUTO
2026-04-04 11:34:46,1775302486,R_75,33814.2517,-1,4.250800000001618,BACKFILL_AUTO
2026-04-04 11:34:48,1775302488,R_75,33812.6009,-1,1.6508000000030734,BACKFILL_AUTO
2026-04-04 11:34:50,1775302490,R_75,33810.9835,-1,1.6173999999955413,BACKFILL_AUTO
2026-04-04 11:34:52,1775302492,R_75,33808.9327,-1,2.0508000000045286,BACKFILL_AUTO
2026-04-04 11:34:54,1775302494,R_75,33809.4976,1,0.5649000000048545,BACKFILL_AUTO
2026-04-04 11:34:56,1775302496,R_75,33819.2676,1,9.769999999996799,BACKFILL_AUTO
2026-04-04 11:34:58,1775302498,R_75,33823.7994,1,4.531800000004296,BACKFILL_AUTO
2026-04-04 11:35:00,1775302500,R_75,33832.3532,1,8.553799999994226,BACKFILL_AUTO
2026-04-04 11:35:02,1775302502,R_75,33841.5194,1,9.166199999999662,BACKFILL_AUTO
2026-04-04 11:35:04,1775302504,R_75,33847.9045,1,6.385099999999511,BACKFILL_AUTO
2026-04-04 11:35:06,1775302506,R_75,33841.041,-1,6.863499999999476,BACKFILL_AUTO
2026-04-04 11:35:08,1775302508,R_75,33841.2194,1,0.17840000000433065,BACKFILL_AUTO
2026-04-04 11:35:10,1775302510,R_75,33835.6246,-1,5.594799999998941,BACKFILL_AUTO
2026-04-04 11:35:12,1775302512,R_75,33831.3721,-1,4.252500000002328,BACKFILL_AUTO
2026-04-04 11:35:14,1775302514,R_75,33823.3435,-1,8.028599999997823,BACKFILL_AUTO
2026-04-04 11:35:16,1775302516,R_75,33825.2534,1,1.9098999999987427,BACKFILL_AUTO
2026-04-04 11:35:18,1775302518,R_75,33824.075,-1,1.1784000000043306,BACKFILL_AUTO
2026-04-04 11:35:20,1775302520,R_75,33829.7722,1,5.69720000000234,BACKFILL_AUTO
2026-04-04 11:35:22,1775302522,R_75,33828.4965,-1,1.2756999999983236,BACKFILL_AUTO
2026-04-04 11:35:24,1775302524,R_75,33816.1415,-1,12.355000000003201,BACKFILL_AUTO
2026-04-04 11:35:26,1775302526,R_75,33817.7714,1,1.6298999999999069,BACKFILL_AUTO
2026-04-04 11:35:28,1775302528,R_75,33826.6412,1,8.869800000000396,BACKFILL_AUTO
2026-04-04 11:35:30,1775302530,R_75,33846.3395,1,19.698300000003655,BACKFILL_AUTO
2026-04-04 11:35:32,1775302532,R_75,33859.1426,1,12.803099999997357,BACKFILL_AUTO
2026-04-04 11:35:34,1775302534,R_75,33866.0,1,6.85740000000078,BACKFILL_AUTO
2026-04-04 11:35:36,1775302536,R_75,33878.0798,1,12.079799999999523,BACKFILL_AUTO
2026-04-04 11:35:38,1775302538,R_75,33884.737,1,6.657200000001467,BACKFILL_AUTO
2026-04-04 11:35:40,1775302540,R_75,33883.5,-1,1.2370000000009895,BACKFILL_AUTO
2026-04-04 11:35:42,1775302542,R_75,33876.6727,-1,6.827299999997194,BACKFILL_AUTO
2026-04-04 11:35:44,1775302544,R_75,33872.89,-1,3.7827000000033877,BACKFILL_AUTO
2026-04-04 11:35:46,1775302546,R_75,33864.8742,-1,8.015800000001036,BACKFILL_AUTO
2026-04-04 11:35:48,1775302548,R_75,33871.3305,1,6.456299999998009,BACKFILL_AUTO
2026-04-04 11:35:50,1775302550,R_75,33876.0309,1,4.700400000001537,BACKFILL_AUTO
2026-04-04 11:35:52,1775302552,R_75,33873.368,-1,2.662899999995716,BACKFILL_AUTO
2026-04-04 11:35:54,1775302554,R_75,33877.2584,1,3.890399999996589,BACKFILL_AUTO
2026-04-04 11:35:56,1775302556,R_75,33892.246,1,14.987600000000384,BACKFILL_AUTO
2026-04-04 11:35:58,1775302558,R_75,33889.5023,-1,2.7436999999990803,BACKFILL_AUTO
2026-04-04 11:36:00,1775302560,R_75,33892.6256,1,3.12329999999929,BACKFILL_AUTO
2026-04-04 11:36:02,1775302562,R_75,33886.4289,-1,6.196700000000419,BACKFILL_AUTO
2026-04-04 11:36:04,1775302564,R_75,33876.8268,-1,9.602099999996426,BACKFILL_AUTO
2026-04-04 11:36:06,1775302566,R_75,33875.5695,-1,1.2573000000047614,BACKFILL_AUTO
2026-04-04 11:36:08,1775302568,R_75,33880.5944,1,5.024900000003981,BACKFILL_AUTO
2026-04-04 11:36:10,1775302570,R_75,33886.0664,1,5.472000000001572,BACKFILL_AUTO
2026-04-04 11:36:12,1775302572,R_75,33883.5166,-1,2.549800000000687,BACKFILL_AUTO
2026-04-04 11:36:14,1775302574,R_75,33877.241,-1,6.27560000000085,BACKFILL_AUTO
2026-04-04 11:36:16,1775302576,R_75,33880.3544,1,3.1133999999947264,BACKFILL_AUTO
2026-04-04 11:36:18,1775302578,R_75,33890.6723,1,10.317900000001828,BACKFILL_AUTO
2026-04-04 11:36:20,1775302580,R_75,33890.6703,-1,0.0020000000004074536,BACKFILL_AUTO
2026-04-04 11:36:22,1775302582,R_75,33888.7899,-1,1.8803999999945518,BACKFILL_AUTO
2026-04-04 11:36:24,1775302584,R_75,33881.3941,-1,7.395800000005693,BACKFILL_AUTO
2026-04-04 11:36:26,1775302586,R_75,33891.75,1,10.355900000002293,BACKFILL_AUTO
2026-04-04 11:36:28,1775302588,R_75,33891.6863,-1,0.06369999999878928,BACKFILL_AUTO
2026-04-04 11:36:30,1775302590,R_75,33889.3803,-1,2.3060000000041327,BACKFILL_AUTO
2026-04-04 11:36:32,1775302592,R_75,33896.3526,1,6.972300000001269,BACKFILL_AUTO
2026-04-04 11:36:34,1775302594,R_75,33892.464,-1,3.888599999998405,BACKFILL_AUTO
2026-04-04 11:36:36,1775302596,R_75,33887.3956,-1,5.068399999996473,BACKFILL_AUTO
2026-04-04 11:36:38,1775302598,R_75,33883.2325,-1,4.163100000005215,BACKFILL_AUTO
2026-04-04 11:36:40,1775302600,R_75,33887.6812,1,4.4487000000008265,BACKFILL_AUTO
2026-04-04 11:36:42,1775302602,R_75,33887.8297,1,0.1485000000029686,BACKFILL_AUTO
2026-04-04 11:36:44,1775302604,R_75,33880.9361,-1,6.893600000003062,BACKFILL_AUTO
2026-04-04 11:36:46,1775302606,R_75,33866.4351,-1,14.500999999996566,BACKFILL_AUTO
2026-04-04 11:36:48,1775302608,R_75,33851.592,-1,14.843100000005506,BACKFILL_AUTO
2026-04-04 11:36:50,1775302610,R_75,33857.1068,1,5.51480000000447,BACKFILL_AUTO
2026-04-04 11:36:52,1775302612,R_75,33860.0042,1,2.897400000001653,BACKFILL_AUTO
2026-04-04 11:36:54,1775302614,R_75,33860.0099,1,0.005699999994249083,BACKFILL_AUTO
2026-04-04 11:36:56,1775302616,R_75,33859.0782,-1,0.9316999999937252,BACKFILL_AUTO
2026-04-04 11:36:58,1775302618,R_75,33859.131,1,0.05279999999766005,BACKFILL_AUTO
2026-04-04 11:37:00,1775302620,R_75,33850.6964,-1,8.4346000000005,BACKFILL_AUTO
2026-04-04 11:37:02,1775302622,R_75,33845.7254,-1,4.97099999999773,BACKFILL_AUTO
2026-04-04 11:37:04,1775302624,R_75,33846.7498,1,1.0243999999947846,BACKFILL_AUTO
2026-04-04 11:37:06,1775302626,R_75,33853.5624,1,6.81260000000475,BACKFILL_AUTO
2026-04-04 11:37:08,1775302628,R_75,33851.1284,-1,2.434000000001106,BACKFILL_AUTO
2026-04-04 11:37:10,1775302630,R_75,33847.3467,-1,3.781699999999546,BACKFILL_AUTO
2026-04-04 11:37:12,1775302632,R_75,33844.5702,-1,2.776499999999942,BACKFILL_AUTO
2026-04-04 11:37:14,1775302634,R_75,33840.3066,-1,4.263599999998405,BACKFILL_AUTO
2026-04-04 11:37:16,1775302636,R_75,33837.9782,-1,2.328400000005786,BACKFILL_AUTO
2026-04-04 11:37:18,1775302638,R_75,33841.9459,1,3.9677000000010594,BACKFILL_AUTO
2026-04-04 11:37:20,1775302640,R_75,33836.6834,-1,5.26249999999709,BACKFILL_AUTO
2026-04-04 11:37:22,1775302642,R_75,33830.5754,-1,6.108000000000175,BACKFILL_AUTO
2026-04-04 11:37:24,1775302644,R_75,33843.3804,1,12.805000000000291,BACKFILL_AUTO
2026-04-04 11:37:26,1775302646,R_75,33851.2538,1,7.873399999996764,BACKFILL_AUTO
2026-04-04 11:37:28,1775302648,R_75,33854.1256,1,2.8718000000008033,BACKFILL_AUTO
2026-04-04 11:37:30,1775302650,R_75,33858.0726,1,3.9470000000001164,BACKFILL_AUTO
2026-04-04 11:37:32,1775302652,R_75,33857.0913,-1,0.9812999999994645,BACKFILL_AUTO
2026-04-04 11:37:34,1775302654,R_75,33858.1139,1,1.0225999999966007,BACKFILL_AUTO
2026-04-04 11:37:36,1775302656,R_75,33846.2271,-1,11.886800000000221,BACKFILL_AUTO
2026-04-04 11:37:38,1775302658,R_75,33856.8173,1,10.590200000006007,BACKFILL_AUTO
2026-04-04 11:37:40,1775302660,R_75,33857.4714,1,0.6540999999997439,BACKFILL_AUTO
2026-04-04 11:37:42,1775302662,R_75,33850.2593,-1,7.212100000004284,BACKFILL_AUTO
2026-04-04 11:37:44,1775302664,R_75,33846.6255,-1,3.633799999995972,BACKFILL_AUTO
2026-04-04 11:37:46,1775302666,R_75,33845.5165,-1,1.1090000000040163,BACKFILL_AUTO
2026-04-04 11:37:48,1775302668,R_75,33836.9582,-1,8.558299999996962,BACKFILL_AUTO
2026-04-04 11:37:50,1775302670,R_75,33829.8573,-1,7.100899999997637,BACKFILL_AUTO
2026-04-04 11:37:52,1775302672,R_75,33826.8605,-1,2.9968000000008033,BACKFILL_AUTO
2026-04-04 11:37:54,1775302674,R_75,33826.2155,-1,0.6450000000040745,BACKFILL_AUTO
2026-04-04 11:37:56,1775302676,R_75,33826.8457,1,0.6301999999996042,BACKFILL_AUTO
2026-04-04 11:37:58,1775302678,R_75,33829.4396,1,2.5938999999998487,BACKFILL_AUTO
2026-04-04 11:38:00,1775302680,R_75,33830.3156,1,0.8760000000038417,BACKFILL_AUTO
2026-04-04 11:38:02,1775302682,R_75,33828.5033,-1,1.8123000000050524,BACKFILL_AUTO
2026-04-04 11:38:04,1775302684,R_75,33829.9298,1,1.426500000001397,BACKFILL_AUTO
2026-04-04 11:38:06,1775302686,R_75,33822.3563,-1,7.573499999998603,BACKFILL_AUTO
2026-04-04 11:38:08,1775302688,R_75,33820.839,-1,1.5172999999995227,BACKFILL_AUTO
2026-04-04 11:38:10,1775302690,R_75,33823.8853,1,3.046300000001793,BACKFILL_AUTO
2026-04-04 11:38:12,1775302692,R_75,33821.1928,-1,2.6925000000046566,BACKFILL_AUTO
2026-04-04 11:38:14,1775302694,R_75,33815.3337,-1,5.859099999994214,BACKFILL_AUTO
2026-04-04 11:38:16,1775302696,R_75,33818.8485,1,3.5147999999971944,BACKFILL_AUTO
2026-04-04 11:38:18,1775302698,R_75,33812.765,-1,6.08350000000064,BACKFILL_AUTO
2026-04-04 11:38:20,1775302700,R_75,33814.3971,1,1.6321000000025379,BACKFILL_AUTO
2026-04-04 11:38:22,1775302702,R_75,33824.0012,1,9.604099999996834,BACKFILL_AUTO
2026-04-04 11:38:24,1775302704,R_75,33824.5902,1,0.5889999999999418,BACKFILL_AUTO
2026-04-04 11:38:26,1775302706,R_75,33822.8452,-1,1.7449999999953434,BACKFILL_AUTO
2026-04-04 11:38:28,1775302708,R_75,33830.945,1,8.099799999996321,BACKFILL_AUTO
2026-04-04 11:38:30,1775302710,R_75,33842.3836,1,11.438600000001315,BACKFILL_AUTO
2026-04-04 11:38:32,1775302712,R_75,33843.3042,1,0.9205999999976484,BACKFILL_AUTO
2026-04-04 11:38:34,1775302714,R_75,33830.4236,-1,12.880599999996775,BACKFILL_AUTO
2026-04-04 11:38:36,1775302716,R_75,33828.7059,-1,1.7177000000010594,BACKFILL_AUTO
2026-04-04 11:38:38,1775302718,R_75,33829.2348,1,0.5288999999975204,BACKFILL_AUTO
2026-04-04 11:38:40,1775302720,R_75,33822.6613,-1,6.573499999998603,BACKFILL_AUTO
2026-04-04 11:38:42,1775302722,R_75,33827.3804,1,4.719100000002072,BACKFILL_AUTO
2026-04-04 11:38:44,1775302724,R_75,33813.4235,-1,13.95690000000468,BACKFILL_AUTO
2026-04-04 11:38:46,1775302726,R_75,33818.7524,1,5.328900000000431,BACKFILL_AUTO
2026-04-04 11:38:48,1775302728,R_75,33822.0396,1,3.2871999999988475,BACKFILL_AUTO
2026-04-04 11:38:50,1775302730,R_75,33829.3341,1,7.294500000003609,BACKFILL_AUTO
2026-04-04 11:38:52,1775302732,R_75,33835.7212,1,6.3870999999999185,BACKFILL_AUTO
2026-04-04 11:38:54,1775302734,R_75,33831.7257,-1,3.9954999999972642,BACKFILL_AUTO
2026-04-04 11:38:56,1775302736,R_75,33832.1386,1,0.4128999999957159,BACKFILL_AUTO
2026-04-04 11:38:58,1775302738,R_75,33831.1077,-1,1.0308999999979278,BACKFILL_AUTO
2026-04-04 11:39:00,1775302740,R_75,33815.1947,-1,15.913000000000466,BACKFILL_AUTO
2026-04-04 11:39:02,1775302742,R_75,33815.2119,1,0.01720000000204891,BACKFILL_AUTO
2026-04-04 11:39:04,1775302744,R_75,33806.5327,-1,8.679199999998673,BACKFILL_AUTO
2026-04-04 11:39:06,1775302746,R_75,33801.5528,-1,4.979900000005728,BACKFILL_AUTO
2026-04-04 11:39:08,1775302748,R_75,33797.7216,-1,3.8312000000005355,BACKFILL_AUTO
2026-04-04 11:39:10,1775302750,R_75,33795.7082,-1,2.0133999999961816,BACKFILL_AUTO
2026-04-04 11:39:12,1775302752,R_75,33791.0646,-1,4.643600000003062,BACKFILL_AUTO
2026-04-04 11:39:14,1775302754,R_75,33799.1266,1,8.062000000005355,BACKFILL_AUTO
2026-04-04 11:39:16,1775302756,R_75,33803.3503,1,4.223699999995006,BACKFILL_AUTO
2026-04-04 11:39:18,1775302758,R_75,33803.4737,1,0.12340000000403961,BACKFILL_AUTO
2026-04-04 11:39:20,1775302760,R_75,33820.1274,1,16.653699999995297,BACKFILL_AUTO
2026-04-04 11:39:22,1775302762,R_75,33821.2508,1,1.1234000000040396,BACKFILL_AUTO
2026-04-04 11:39:24,1775302764,R_75,33825.9871,1,4.736299999996845,BACKFILL_AUTO
2026-04-04 11:39:26,1775302766,R_75,33826.7656,1,0.7785000000003492,BACKFILL_AUTO
2026-04-04 11:39:28,1775302768,R_75,33830.3665,1,3.6008999999976368,BACKFILL_AUTO
2026-04-04 11:39:30,1775302770,R_75,33833.421,1,3.054500000005646,BACKFILL_AUTO
2026-04-04 11:39:32,1775302772,R_75,33844.3002,1,10.879199999995762,BACKFILL_AUTO
2026-04-04 11:39:34,1775302774,R_75,33849.8959,1,5.5957000000053085,BACKFILL_AUTO
2026-04-04 11:39:36,1775302776,R_75,33850.0973,1,0.20139999999810243,BACKFILL_AUTO
2026-04-04 11:39:38,1775302778,R_75,33845.325,-1,4.772300000004179,BACKFILL_AUTO
2026-04-04 11:39:40,1775302780,R_75,33845.3914,1,0.06640000000334112,BACKFILL_AUTO
2026-04-04 11:39:42,1775302782,R_75,33839.7665,-1,5.624900000002526,BACKFILL_AUTO
2026-04-04 11:39:44,1775302784,R_75,33839.5245,-1,0.24199999999837019,BACKFILL_AUTO
2026-04-04 11:39:46,1775302786,R_75,33843.9414,1,4.416900000003807,BACKFILL_AUTO
2026-04-04 11:39:48,1775302788,R_75,33853.8844,1,9.942999999999302,BACKFILL_AUTO
2026-04-04 11:39:50,1775302790,R_75,33849.9987,-1,3.8857000000061817,BACKFILL_AUTO
2026-04-04 11:39:52,1775302792,R_75,33837.1777,-1,12.820999999996275,BACKFILL_AUTO
2026-04-04 11:39:54,1775302794,R_75,33839.1594,1,1.9816999999966356,BACKFILL_AUTO
2026-04-04 11:39:56,1775302796,R_75,33841.6772,1,2.5178000000014435,BACKFILL_AUTO
2026-04-04 11:39:58,1775302798,R_75,33832.3992,-1,9.277999999998428,BACKFILL_AUTO
2026-04-04 11:40:00,1775302800,R_75,33824.9375,-1,7.461699999999837,BACKFILL_AUTO
2026-04-04 11:40:02,1775302802,R_75,33821.9124,-1,3.025099999998929,BACKFILL_AUTO
2026-04-04 11:40:04,1775302804,R_75,33819.0813,-1,2.8311000000030617,BACKFILL_AUTO
2026-04-04 11:40:06,1775302806,R_75,33824.928,1,5.846700000001874,BACKFILL_AUTO
2026-04-04 11:40:08,1775302808,R_75,33828.488,1,3.5599999999976717,BACKFILL_AUTO
2026-04-04 11:40:10,1775302810,R_75,33833.544,1,5.056000000004133,BACKFILL_AUTO
2026-04-04 11:40:12,1775302812,R_75,33829.5373,-1,4.006699999998091,BACKFILL_AUTO
2026-04-04 11:40:14,1775302814,R_75,33838.91,1,9.372699999999895,BACKFILL_AUTO
2026-04-04 11:40:16,1775302816,R_75,33821.3476,-1,17.562400000002526,BACKFILL_AUTO
2026-04-04 11:40:18,1775302818,R_75,33819.3248,-1,2.022799999998824,BACKFILL_AUTO
2026-04-04 11:40:20,1775302820,R_75,33822.6009,1,3.2760999999954947,BACKFILL_AUTO
2026-04-04 11:40:22,1775302822,R_75,33818.4025,-1,4.198400000001129,BACKFILL_AUTO
2026-04-04 11:40:24,1775302824,R_75,33816.0933,-1,2.3091999999960535,BACKFILL_AUTO
2026-04-04 11:40:26,1775302826,R_75,33815.88,-1,0.21330000000307336,BACKFILL_AUTO
2026-04-04 11:40:28,1775302828,R_75,33817.8343,1,1.9543000000048778,BACKFILL_AUTO
2026-04-04 11:40:30,1775302830,R_75,33809.9216,-1,7.912700000000768,BACKFILL_AUTO
2026-04-04 11:40:32,1775302832,R_75,33809.2173,-1,0.7043000000048778,BACKFILL_AUTO
2026-04-04 11:40:34,1775302834,R_75,33815.4325,1,6.215200000006007,BACKFILL_AUTO
2026-04-04 11:40:36,1775302836,R_75,33822.454,1,7.021499999995285,BACKFILL_AUTO
2026-04-04 11:40:38,1775302838,R_75,33812.2347,-1,10.21929999999702,BACKFILL_AUTO
2026-04-04 11:40:40,1775302840,R_75,33804.1635,-1,8.071199999998498,BACKFILL_AUTO
2026-04-04 11:40:42,1775302842,R_75,33799.0715,-1,5.092000000004191,BACKFILL_AUTO
2026-04-04 11:40:44,1775302844,R_75,33797.1238,-1,1.9476999999969848,BACKFILL_AUTO
2026-04-04 11:40:46,1775302846,R_75,33804.4919,1,7.368099999999686,BACKFILL_AUTO
2026-04-04 11:40:48,1775302848,R_75,33804.5197,1,0.02779999999620486,BACKFILL_AUTO
2026-04-04 11:40:50,1775302850,R_75,33810.6286,1,6.108899999999267,BACKFILL_AUTO
2026-04-04 11:40:52,1775302852,R_75,33808.8915,-1,1.7370999999984633,BACKFILL_AUTO
2026-04-04 11:40:54,1775302854,R_75,33801.4107,-1,7.480799999997544,BACKFILL_AUTO
2026-04-04 11:40:56,1775302856,R_75,33809.0828,1,7.672099999996135,BACKFILL_AUTO
2026-04-04 11:40:58,1775302858,R_75,33806.6517,-1,2.4310999999943306,BACKFILL_AUTO
2026-04-04 11:41:00,1775302860,R_75,33803.0114,-1,3.6402999999991152,BACKFILL_AUTO
2026-04-04 11:41:02,1775302862,R_75,33806.7171,1,3.7056999999986147,BACKFILL_AUTO
2026-04-04 11:41:04,1775302864,R_75,33812.2817,1,5.564599999997881,BACKFILL_AUTO
2026-04-04 11:41:06,1775302866,R_75,33816.6521,1,4.3703999999997905,BACKFILL_AUTO
2026-04-04 11:41:08,1775302868,R_75,33814.3604,-1,2.2917000000015832,BACKFILL_AUTO
2026-04-04 11:41:10,1775302870,R_75,33805.8796,-1,8.480799999997544,BACKFILL_AUTO
2026-04-04 11:41:12,1775302872,R_75,33809.61,1,3.7304000000003725,BACKFILL_AUTO
2026-04-04 11:41:14,1775302874,R_75,33808.8157,-1,0.7943000000013853,BACKFILL_AUTO
2026-04-04 11:41:16,1775302876,R_75,33800.6367,-1,8.17899999999645,BACKFILL_AUTO
2026-04-04 11:41:18,1775302878,R_75,33796.366,-1,4.270700000000943,BACKFILL_AUTO
2026-04-04 11:41:20,1775302880,R_75,33787.6774,-1,8.688600000001315,BACKFILL_AUTO
2026-04-04 11:41:22,1775302882,R_75,33782.1179,-1,5.559500000003027,BACKFILL_AUTO
2026-04-04 11:41:24,1775302884,R_75,33794.442,1,12.324100000005274,BACKFILL_AUTO
2026-04-04 11:41:26,1775302886,R_75,33797.4505,1,3.0084999999962747,BACKFILL_AUTO
2026-04-04 11:41:28,1775302888,R_75,33795.1164,-1,2.334100000000035,BACKFILL_AUTO
2026-04-04 11:41:30,1775302890,R_75,33796.4114,1,1.2949999999982538,BACKFILL_AUTO
2026-04-04 11:41:32,1775302892,R_75,33801.3566,1,4.9452000000019325,BACKFILL_AUTO
2026-04-04 11:41:34,1775302894,R_75,33797.2062,-1,4.150399999998626,BACKFILL_AUTO
2026-04-04 11:41:36,1775302896,R_75,33798.9622,1,1.7560000000012224,BACKFILL_AUTO
2026-04-04 11:41:38,1775302898,R_75,33792.5501,-1,6.412100000001374,BACKFILL_AUTO
2026-04-04 11:41:40,1775302900,R_75,33793.3165,1,0.7664000000004307,BACKFILL_AUTO
2026-04-04 11:41:42,1775302902,R_75,33787.6934,-1,5.623100000004342,BACKFILL_AUTO
2026-04-04 11:41:44,1775302904,R_75,33792.6484,1,4.955000000001746,BACKFILL_AUTO
2026-04-04 11:41:46,1775302906,R_75,33787.6856,-1,4.9628000000011525,BACKFILL_AUTO
2026-04-04 11:41:48,1775302908,R_75,33793.2073,1,5.521700000004785,BACKFILL_AUTO
2026-04-04 11:41:50,1775302910,R_75,33799.963,1,6.755700000001525,BACKFILL_AUTO
2026-04-04 11:41:52,1775302912,R_75,33790.9515,-1,9.011500000000524,BACKFILL_AUTO
2026-04-04 11:41:54,1775302914,R_75,33782.6538,-1,8.297700000002806,BACKFILL_AUTO
2026-04-04 11:41:56,1775302916,R_75,33764.8336,-1,17.820200000001932,BACKFILL_AUTO
2026-04-04 11:41:58,1775302918,R_75,33755.7947,-1,9.038899999999558,BACKFILL_AUTO
2026-04-04 11:42:00,1775302920,R_75,33753.1566,-1,2.6380999999964843,BACKFILL_AUTO
2026-04-04 11:42:02,1775302922,R_75,33753.063,-1,0.09360000000015134,BACKFILL_AUTO
2026-04-04 11:42:04,1775302924,R_75,33746.4723,-1,6.590700000000652,BACKFILL_AUTO
2026-04-04 11:42:06,1775302926,R_75,33744.7367,-1,1.7355999999999767,BACKFILL_AUTO
2026-04-04 11:42:08,1775302928,R_75,33745.1678,1,0.43110000000160653,BACKFILL_AUTO
2026-04-04 11:42:10,1775302930,R_75,33738.0472,-1,7.120600000002014,BACKFILL_AUTO
2026-04-04 11:42:12,1775302932,R_75,33733.7945,-1,4.252699999997276,BACKFILL_AUTO
2026-04-04 11:42:14,1775302934,R_75,33727.8807,-1,5.913800000002084,BACKFILL_AUTO
2026-04-04 11:42:16,1775302936,R_75,33723.6343,-1,4.246400000003632,BACKFILL_AUTO
2026-04-04 11:42:18,1775302938,R_75,33720.2974,-1,3.3368999999947846,BACKFILL_AUTO
2026-04-04 11:42:20,1775302940,R_75,33719.1351,-1,1.1623000000035972,BACKFILL_AUTO
2026-04-04 11:42:22,1775302942,R_75,33715.1942,-1,3.9409000000014203,BACKFILL_AUTO
2026-04-04 11:42:24,1775302944,R_75,33713.6009,-1,1.593300000000454,BACKFILL_AUTO
2026-04-04 11:42:26,1775302946,R_75,33711.7126,-1,1.8882999999987078,BACKFILL_AUTO
2026-04-04 11:42:28,1775302948,R_75,33708.2295,-1,3.4830999999976484,BACKFILL_AUTO
2026-04-04 11:42:30,1775302950,R_75,33710.4215,1,2.19199999999546,BACKFILL_AUTO
2026-04-04 11:42:32,1775302952,R_75,33708.0152,-1,2.406299999995099,BACKFILL_AUTO
2026-04-04 11:42:34,1775302954,R_75,33707.2595,-1,0.755700000001525,BACKFILL_AUTO
2026-04-04 11:42:36,1775302956,R_75,33709.0434,1,1.783900000002177,BACKFILL_AUTO
2026-04-04 11:42:38,1775302958,R_75,33703.5273,-1,5.516100000000733,BACKFILL_AUTO
2026-04-04 11:42:40,1775302960,R_75,33696.4018,-1,7.125500000001921,BACKFILL_AUTO
2026-04-04 11:42:42,1775302962,R_75,33695.7974,-1,0.6043999999965308,BACKFILL_AUTO
2026-04-04 11:42:44,1775302964,R_75,33697.0938,1,1.2963999999992666,BACKFILL_AUTO
2026-04-04 11:42:46,1775302966,R_75,33702.8451,1,5.751299999996263,BACKFILL_AUTO
2026-04-04 11:42:48,1775302968,R_75,33694.5248,-1,8.320299999999406,BACKFILL_AUTO
2026-04-04 11:42:50,1775302970,R_75,33694.8354,1,0.3106000000043423,BACKFILL_AUTO
2026-04-04 11:42:52,1775302972,R_75,33698.9772,1,4.141799999997602,BACKFILL_AUTO
2026-04-04 11:42:54,1775302974,R_75,33699.1813,1,0.2040999999953783,BACKFILL_AUTO
2026-04-04 11:42:56,1775302976,R_75,33693.6411,-1,5.540199999995821,BACKFILL_AUTO
2026-04-04 11:42:58,1775302978,R_75,33695.1686,1,1.5274999999965075,BACKFILL_AUTO
2026-04-04 11:43:00,1775302980,R_75,33691.1431,-1,4.0254999999961,BACKFILL_AUTO
2026-04-04 11:43:02,1775302982,R_75,33682.3057,-1,8.837400000003981,BACKFILL_AUTO
2026-04-04 11:43:04,1775302984,R_75,33684.2894,1,1.983700000004319,BACKFILL_AUTO
2026-04-04 11:43:06,1775302986,R_75,33687.1414,1,2.8519999999989523,BACKFILL_AUTO
2026-04-04 11:43:08,1775302988,R_75,33682.9002,-1,4.241200000004028,BACKFILL_AUTO
2026-04-04 11:43:10,1775302990,R_75,33677.6242,-1,5.275999999998021,BACKFILL_AUTO
2026-04-04 11:43:12,1775302992,R_75,33685.4834,1,7.859199999998964,BACKFILL_AUTO
2026-04-04 11:43:14,1775302994,R_75,33686.6363,1,1.1529000000009546,BACKFILL_AUTO
2026-04-04 11:43:16,1775302996,R_75,33675.5163,-1,11.119999999995343,BACKFILL_AUTO
2026-04-04 11:43:18,1775302998,R_75,33681.5425,1,6.0262000000002445,BACKFILL_AUTO
2026-04-04 11:43:20,1775303000,R_75,33679.8418,-1,1.700700000001234,BACKFILL_AUTO
2026-04-04 11:43:22,1775303002,R_75,33672.7288,-1,7.113000000004831,BACKFILL_AUTO
2026-04-04 11:43:24,1775303004,R_75,33679.0059,1,6.277099999999336,BACKFILL_AUTO
2026-04-04 11:43:26,1775303006,R_75,33679.5295,1,0.5236000000004424,BACKFILL_AUTO
2026-04-04 11:43:28,1775303008,R_75,33680.2443,1,0.71480000000156,BACKFILL_AUTO
2026-04-04 11:43:30,1775303010,R_75,33679.6977,-1,0.5466000000014901,BACKFILL_AUTO
2026-04-04 11:43:32,1775303012,R_75,33673.9123,-1,5.785399999993388,BACKFILL_AUTO
2026-04-04 11:43:34,1775303014,R_75,33675.5698,1,1.6574999999938882,BACKFILL_AUTO
2026-04-04 11:43:36,1775303016,R_75,33673.2833,-1,2.286499999994703,BACKFILL_AUTO
2026-04-04 11:43:38,1775303018,R_75,33668.8893,-1,4.394000000000233,BACKFILL_AUTO
2026-04-04 11:43:40,1775303020,R_75,33669.1588,1,0.2694999999948777,BACKFILL_AUTO
2026-04-04 11:43:42,1775303022,R_75,33677.4085,1,8.249700000000303,BACKFILL_AUTO
2026-04-04 11:43:44,1775303024,R_75,33673.2433,-1,4.165199999995821,BACKFILL_AUTO
2026-04-04 11:43:46,1775303026,R_75,33670.3517,-1,2.8916000000026543,BACKFILL_AUTO
2026-04-04 11:43:48,1775303028,R_75,33678.712,1,8.36030000000028,BACKFILL_AUTO
2026-04-04 11:43:50,1775303030,R_75,33679.5641,1,0.852100000003702,BACKFILL_AUTO
2026-04-04 11:43:52,1775303032,R_75,33680.411,1,0.8468999999968219,BACKFILL_AUTO
2026-04-04 11:43:54,1775303034,R_75,33679.4675,-1,0.9435000000012224,BACKFILL_AUTO
2026-04-04 11:43:56,1775303036,R_75,33686.554,1,7.0864999999976135,BACKFILL_AUTO
2026-04-04 11:43:58,1775303038,R_75,33689.9607,1,3.406700000006822,BACKFILL_AUTO
2026-04-04 11:44:00,1775303040,R_75,33690.2156,1,0.25489999999990687,BACKFILL_AUTO
2026-04-04 11:44:02,1775303042,R_75,33687.9779,-1,2.237700000005134,BACKFILL_AUTO
2026-04-04 11:44:04,1775303044,R_75,33692.7588,1,4.780900000005204,BACKFILL_AUTO
2026-04-04 11:44:06,1775303046,R_75,33688.7371,-1,4.021700000004785,BACKFILL_AUTO
2026-04-04 11:44:08,1775303048,R_75,33685.7853,-1,2.9517999999952735,BACKFILL_AUTO
2026-04-04 11:44:10,1775303050,R_75,33685.1518,-1,0.6335000000035507,BACKFILL_AUTO
2026-04-04 11:44:12,1775303052,R_75,33682.9754,-1,2.1763999999966472,BACKFILL_AUTO
2026-04-04 11:44:14,1775303054,R_75,33686.865,1,3.889599999994971,BACKFILL_AUTO
2026-04-04 11:44:16,1775303056,R_75,33692.7534,1,5.8884000000034575,BACKFILL_AUTO
2026-04-04 11:44:18,1775303058,R_75,33696.8436,1,4.090199999998731,BACKFILL_AUTO
2026-04-04 11:44:20,1775303060,R_75,33699.947,1,3.103399999999965,BACKFILL_AUTO
2026-04-04 11:44:22,1775303062,R_75,33702.6781,1,2.731099999997241,BACKFILL_AUTO
2026-04-04 11:44:24,1775303064,R_75,33696.3973,-1,6.280800000000454,BACKFILL_AUTO
2026-04-04 11:44:26,1775303066,R_75,33704.0813,1,7.684000000001106,BACKFILL_AUTO
2026-04-04 11:44:28,1775303068,R_75,33699.5515,-1,4.529799999996612,BACKFILL_AUTO
2026-04-04 11:44:30,1775303070,R_75,33685.1193,-1,14.432200000002922,BACKFILL_AUTO
2026-04-04 11:44:32,1775303072,R_75,33681.3477,-1,3.771600000000035,BACKFILL_AUTO
2026-04-04 11:44:34,1775303074,R_75,33679.0968,-1,2.250899999999092,BACKFILL_AUTO
2026-04-04 11:44:36,1775303076,R_75,33686.845,1,7.748200000001816,BACKFILL_AUTO
2026-04-04 11:44:38,1775303078,R_75,33691.7667,1,4.921699999998964,BACKFILL_AUTO
2026-04-04 11:44:40,1775303080,R_75,33698.3973,1,6.630599999996775,BACKFILL_AUTO
2026-04-04 11:44:42,1775303082,R_75,33693.5059,-1,4.891400000000431,BACKFILL_AUTO
2026-04-04 11:44:44,1775303084,R_75,33693.084,-1,0.4218999999939115,BACKFILL_AUTO
2026-04-04 11:44:46,1775303086,R_75,33692.3061,-1,0.7779000000009546,BACKFILL_AUTO
2026-04-04 11:44:48,1775303088,R_75,33696.4089,1,4.10280000000057,BACKFILL_AUTO
2026-04-04 11:44:50,1775303090,R_75,33695.5585,-1,0.8504000000029919,BACKFILL_AUTO
2026-04-04 11:44:52,1775303092,R_75,33700.1393,1,4.580800000003364,BACKFILL_AUTO
2026-04-04 11:44:54,1775303094,R_75,33694.6124,-1,5.526900000004389,BACKFILL_AUTO
2026-04-04 11:44:56,1775303096,R_75,33709.4596,1,14.847200000003795,BACKFILL_AUTO
2026-04-04 11:44:58,1775303098,R_75,33714.7021,1,5.242500000000291,BACKFILL_AUTO
2026-04-04 11:45:00,1775303100,R_75,33711.0763,-1,3.625800000001618,BACKFILL_AUTO
2026-04-04 11:45:02,1775303102,R_75,33711.1039,1,0.027600000001257285,BACKFILL_AUTO
2026-04-04 11:45:04,1775303104,R_75,33716.478,1,5.374100000000908,BACKFILL_AUTO
2026-04-04 11:45:06,1775303106,R_75,33713.7763,-1,2.7017000000050757,BACKFILL_AUTO
2026-04-04 11:45:08,1775303108,R_75,33717.5585,1,3.782200000001467,BACKFILL_AUTO
2026-04-04 11:45:10,1775303110,R_75,33714.6168,-1,2.9416999999957625,BACKFILL_AUTO
2026-04-04 11:45:12,1775303112,R_75,33712.0086,-1,2.608200000002398,BACKFILL_AUTO
2026-04-04 11:45:14,1775303114,R_75,33710.5398,-1,1.4688000000023749,BACKFILL_AUTO
2026-04-04 11:45:16,1775303116,R_75,33722.2943,1,11.754500000002736,BACKFILL_AUTO
2026-04-04 11:45:18,1775303118,R_75,33714.8561,-1,7.438200000004144,BACKFILL_AUTO
2026-04-04 11:45:20,1775303120,R_75,33724.8509,1,9.994800000000396,BACKFILL_AUTO
2026-04-04 11:45:22,1775303122,R_75,33729.6104,1,4.759500000000116,BACKFILL_AUTO
2026-04-04 11:45:24,1775303124,R_75,33730.4102,1,0.7998000000006869,BACKFILL_AUTO
2026-04-04 11:45:26,1775303126,R_75,33731.6443,1,1.2341000000014901,BACKFILL_AUTO
2026-04-04 11:45:28,1775303128,R_75,33733.1637,1,1.519399999997404,BACKFILL_AUTO
2026-04-04 11:45:30,1775303130,R_75,33736.9822,1,3.8185000000012224,BACKFILL_AUTO
2026-04-04 11:45:32,1775303132,R_75,33747.3316,1,10.34939999999915,BACKFILL_AUTO
2026-04-04 11:45:34,1775303134,R_75,33750.6574,1,3.325799999998708,BACKFILL_AUTO
2026-04-04 11:45:36,1775303136,R_75,33746.0331,-1,4.624299999995856,BACKFILL_AUTO
2026-04-04 11:45:38,1775303138,R_75,33749.9241,1,3.8909999999959837,BACKFILL_AUTO
2026-04-04 11:45:40,1775303140,R_75,33747.2376,-1,2.6864999999961583,BACKFILL_AUTO
2026-04-04 11:45:42,1775303142,R_75,33746.0548,-1,1.1828000000023167,BACKFILL_AUTO
2026-04-04 11:45:44,1775303144,R_75,33746.3193,1,0.26450000000477303,BACKFILL_AUTO
2026-04-04 11:45:46,1775303146,R_75,33734.8659,-1,11.453400000005786,BACKFILL_AUTO
2026-04-04 11:45:48,1775303148,R_75,33736.171,1,1.3051000000050408,BACKFILL_AUTO
2026-04-04 11:45:50,1775303150,R_75,33728.647,-1,7.524000000004889,BACKFILL_AUTO
2026-04-04 11:45:52,1775303152,R_75,33736.8471,1,8.20010000000184,BACKFILL_AUTO
2026-04-04 11:45:54,1775303154,R_75,33735.9869,-1,0.8601999999955297,BACKFILL_AUTO
2026-04-04 11:45:56,1775303156,R_75,33736.3683,1,0.38139999999839347,BACKFILL_AUTO
2026-04-04 11:45:58,1775303158,R_75,33734.5578,-1,1.8104999999995925,BACKFILL_AUTO
2026-04-04 11:46:00,1775303160,R_75,33734.5224,-1,0.03540000000066357,BACKFILL_AUTO
2026-04-04 11:46:02,1775303162,R_75,33729.7687,-1,4.753700000001118,BACKFILL_AUTO
2026-04-04 11:46:04,1775303164,R_75,33719.7601,-1,10.008600000001024,BACKFILL_AUTO
2026-04-04 11:46:06,1775303166,R_75,33722.601,1,2.8409000000028755,BACKFILL_AUTO
2026-04-04 11:46:08,1775303168,R_75,33723.6581,1,1.0570999999981723,BACKFILL_AUTO
2026-04-04 11:46:10,1775303170,R_75,33715.3428,-1,8.315300000002026,BACKFILL_AUTO
2026-04-04 11:46:12,1775303172,R_75,33722.9863,1,7.643499999998312,BACKFILL_AUTO
2026-04-04 11:46:14,1775303174,R_75,33717.5652,-1,5.421099999999569,BACKFILL_AUTO
2026-04-04 11:46:16,1775303176,R_75,33704.9191,-1,12.646099999998114,BACKFILL_AUTO
2026-04-04 11:46:18,1775303178,R_75,33707.201,1,2.2819000000017695,BACKFILL_AUTO
2026-04-04 11:46:20,1775303180,R_75,33708.4322,1,1.2312000000019907,BACKFILL_AUTO
2026-04-04 11:46:22,1775303182,R_75,33709.4777,1,1.0455000000001746,BACKFILL_AUTO
2026-04-04 11:46:24,1775303184,R_75,33711.4995,1,2.0217999999949825,BACKFILL_AUTO
2026-04-04 11:46:26,1775303186,R_75,33708.9165,-1,2.5829999999987194,BACKFILL_AUTO
2026-04-04 11:46:28,1775303188,R_75,33700.5458,-1,8.370699999999488,BACKFILL_AUTO
2026-04-04 11:46:30,1775303190,R_75,33693.5782,-1,6.96759999999631,BACKFILL_AUTO
2026-04-04 11:46:32,1775303192,R_75,33703.0634,1,9.48519999999553,BACKFILL_AUTO
2026-04-04 11:46:34,1775303194,R_75,33714.2337,1,11.170299999997951,BACKFILL_AUTO
2026-04-04 11:46:36,1775303196,R_75,33702.5874,-1,11.646300000000338,BACKFILL_AUTO
2026-04-04 11:46:38,1775303198,R_75,33705.5922,1,3.004800000002433,BACKFILL_AUTO
2026-04-04 11:46:40,1775303200,R_75,33716.1589,1,10.566700000003038,BACKFILL_AUTO
2026-04-04 11:46:42,1775303202,R_75,33718.0608,1,1.901899999997113,BACKFILL_AUTO
2026-04-04 11:46:44,1775303204,R_75,33722.5303,1,4.469499999999243,BACKFILL_AUTO
2026-04-04 11:46:46,1775303206,R_75,33722.6427,1,0.11239999999816064,BACKFILL_AUTO
2026-04-04 11:46:48,1775303208,R_75,33722.8718,1,0.22910000000410946,BACKFILL_AUTO
2026-04-04 11:46:50,1775303210,R_75,33710.7275,-1,12.14429999999993,BACKFILL_AUTO
2026-04-04 11:46:52,1775303212,R_75,33710.2275,-1,0.5,BACKFILL_AUTO
2026-04-04 11:46:54,1775303214,R_75,33712.94,1,2.712500000001455,BACKFILL_AUTO
2026-04-04 11:46:56,1775303216,R_75,33721.5693,1,8.629300000000512,BACKFILL_AUTO
2026-04-04 11:46:58,1775303218,R_75,33722.124,1,0.5547000000005937,BACKFILL_AUTO
2026-04-04 11:47:00,1775303220,R_75,33725.8975,1,3.7734999999956926,BACKFILL_AUTO
2026-04-04 11:47:02,1775303222,R_75,33734.5393,1,8.641799999997602,BACKFILL_AUTO
2026-04-04 11:47:04,1775303224,R_75,33728.4386,-1,6.100699999995413,BACKFILL_AUTO
2026-04-04 11:47:06,1775303226,R_75,33727.6381,-1,0.8005000000048312,BACKFILL_AUTO
2026-04-04 11:47:08,1775303228,R_75,33725.7016,-1,1.9364999999961583,BACKFILL_AUTO
2026-04-04 11:47:10,1775303230,R_75,33720.7735,-1,4.928099999997357,BACKFILL_AUTO
2026-04-04 11:47:12,1775303232,R_75,33712.1952,-1,8.578300000001036,BACKFILL_AUTO
2026-04-04 11:47:14,1775303234,R_75,33710.1222,-1,2.073000000003958,BACKFILL_AUTO
2026-04-04 11:47:16,1775303236,R_75,33711.9829,1,1.8607000000047265,BACKFILL_AUTO
2026-04-04 11:47:18,1775303238,R_75,33706.3949,-1,5.588000000003376,BACKFILL_AUTO
2026-04-04 11:47:20,1775303240,R_75,33705.234,-1,1.1609000000025844,BACKFILL_AUTO
2026-04-04 11:47:22,1775303242,R_75,33700.5177,-1,4.716300000000047,BACKFILL_AUTO
2026-04-04 11:47:24,1775303244,R_75,33698.7087,-1,1.80899999999383,BACKFILL_AUTO
2026-04-04 11:47:26,1775303246,R_75,33686.7655,-1,11.943200000001525,BACKFILL_AUTO
2026-04-04 11:47:28,1775303248,R_75,33687.3361,1,0.5705999999991036,BACKFILL_AUTO
2026-04-04 11:47:30,1775303250,R_75,33691.9026,1,4.566500000000815,BACKFILL_AUTO
2026-04-04 11:47:32,1775303252,R_75,33697.2061,1,5.303500000001804,BACKFILL_AUTO
2026-04-04 11:47:34,1775303254,R_75,33701.6239,1,4.417799999995623,BACKFILL_AUTO
2026-04-04 11:47:36,1775303256,R_75,33702.4915,1,0.8675999999977648,BACKFILL_AUTO
2026-04-04 11:47:38,1775303258,R_75,33708.3932,1,5.901700000002165,BACKFILL_AUTO
2026-04-04 11:47:40,1775303260,R_75,33704.4809,-1,3.9122999999963213,BACKFILL_AUTO
2026-04-04 11:47:42,1775303262,R_75,33694.998,-1,9.4829000000027,BACKFILL_AUTO
2026-04-04 11:47:44,1775303264,R_75,33696.727,1,1.7289999999993597,BACKFILL_AUTO
2026-04-04 11:47:46,1775303266,R_75,33694.3573,-1,2.369699999995646,BACKFILL_AUTO
2026-04-04 11:47:48,1775303268,R_75,33693.0659,-1,1.291400000001886,BACKFILL_AUTO
2026-04-04 11:47:50,1775303270,R_75,33703.6817,1,10.615799999999581,BACKFILL_AUTO
2026-04-04 11:47:52,1775303272,R_75,33702.1933,-1,1.4884000000020023,BACKFILL_AUTO
2026-04-04 11:47:54,1775303274,R_75,33713.4813,1,11.288000000000466,BACKFILL_AUTO
2026-04-04 11:47:56,1775303276,R_75,33708.6287,-1,4.852599999998347,BACKFILL_AUTO
2026-04-04 11:47:58,1775303278,R_75,33709.2389,1,0.6101999999955297,BACKFILL_AUTO
2026-04-04 11:48:00,1775303280,R_75,33708.7844,-1,0.4544999999998254,BACKFILL_AUTO
2026-04-04 11:48:02,1775303282,R_75,33707.1382,-1,1.6461999999955879,BACKFILL_AUTO
2026-04-04 11:48:04,1775303284,R_75,33718.0465,1,10.908299999995506,BACKFILL_AUTO
2026-04-04 11:48:06,1775303286,R_75,33721.3166,1,3.2701000000015483,BACKFILL_AUTO
2026-04-04 11:48:08,1775303288,R_75,33725.1267,1,3.8101000000024214,BACKFILL_AUTO
2026-04-04 11:48:10,1775303290,R_75,33728.6847,1,3.5579999999972642,BACKFILL_AUTO
2026-04-04 11:48:12,1775303292,R_75,33728.9844,1,0.29970000000321306,BACKFILL_AUTO
2026-04-04 11:48:14,1775303294,R_75,33726.7546,-1,2.229800000000978,BACKFILL_AUTO
2026-04-04 11:48:16,1775303296,R_75,33728.2719,1,1.5172999999995227,BACKFILL_AUTO
2026-04-04 11:48:18,1775303298,R_75,33730.1208,1,1.8488999999972293,BACKFILL_AUTO
2026-04-04 11:48:20,1775303300,R_75,33720.1473,-1,9.973500000000058,BACKFILL_AUTO
2026-04-04 11:48:22,1775303302,R_75,33727.7248,1,7.577500000006694,BACKFILL_AUTO
2026-04-04 11:48:24,1775303304,R_75,33726.9729,-1,0.7519000000029337,BACKFILL_AUTO
2026-04-04 11:48:26,1775303306,R_75,33726.7268,-1,0.24610000000393484,BACKFILL_AUTO
2026-04-04 11:48:28,1775303308,R_75,33715.2697,-1,11.457099999999627,BACKFILL_AUTO
2026-04-04 11:48:30,1775303310,R_75,33705.8553,-1,9.414399999994203,BACKFILL_AUTO
2026-04-04 11:48:32,1775303312,R_75,33696.043,-1,9.812300000005052,BACKFILL_AUTO
2026-04-04 11:48:34,1775303314,R_75,33686.9662,-1,9.076799999995274,BACKFILL_AUTO
2026-04-04 11:48:36,1775303316,R_75,33678.3543,-1,8.611900000003516,BACKFILL_AUTO
2026-04-04 11:48:38,1775303318,R_75,33669.0328,-1,9.321499999998196,BACKFILL_AUTO
2026-04-04 11:48:40,1775303320,R_75,33675.7131,1,6.680299999999988,BACKFILL_AUTO
2026-04-04 11:48:42,1775303322,R_75,33679.1384,1,3.4253000000026077,BACKFILL_AUTO
2026-04-04 11:48:44,1775303324,R_75,33683.4462,1,4.307799999995041,BACKFILL_AUTO
2026-04-04 11:48:46,1775303326,R_75,33687.1643,1,3.7180999999982305,BACKFILL_AUTO
2026-04-04 11:48:48,1775303328,R_75,33683.5979,-1,3.566399999996065,BACKFILL_AUTO
2026-04-04 11:48:50,1775303330,R_75,33681.735,-1,1.8629000000000815,BACKFILL_AUTO
2026-04-04 11:48:52,1775303332,R_75,33677.5266,-1,4.2084000000031665,BACKFILL_AUTO
2026-04-04 11:48:54,1775303334,R_75,33687.4983,1,9.971700000001874,BACKFILL_AUTO
