timestamp,unix_time,instrument,price,direction,tick_size,session_id
2026-04-03 11:57:36,1775217456,R_75,34173.9692,1,503.7212999999974,BACKFILL_AUTO
2026-04-03 11:57:38,1775217458,R_75,34174.1218,1,0.15260000000125729,BACKFILL_AUTO
2026-04-03 11:57:40,1775217460,R_75,34164.5101,-1,9.611700000001292,BACKFILL_AUTO
2026-04-03 11:57:42,1775217462,R_75,34161.0863,-1,3.423799999996845,BACKFILL_AUTO
2026-04-03 11:57:44,1775217464,R_75,34173.3059,1,12.219599999996717,BACKFILL_AUTO
2026-04-03 11:57:46,1775217466,R_75,34170.2551,-1,3.0507999999972526,BACKFILL_AUTO
2026-04-03 11:57:48,1775217468,R_75,34171.037,1,0.7818999999944936,BACKFILL_AUTO
2026-04-03 11:57:50,1775217470,R_75,34169.2988,-1,1.7381999999997788,BACKFILL_AUTO
2026-04-03 11:57:52,1775217472,R_75,34169.2304,-1,0.06839999999647262,BACKFILL_AUTO
2026-04-03 11:57:54,1775217474,R_75,34161.5187,-1,7.711699999999837,BACKFILL_AUTO
2026-04-03 11:57:56,1775217476,R_75,34152.3357,-1,9.182999999997264,BACKFILL_AUTO
2026-04-03 11:57:58,1775217478,R_75,34159.0603,1,6.724599999994098,BACKFILL_AUTO
2026-04-03 11:58:00,1775217480,R_75,34150.4076,-1,8.652699999998731,BACKFILL_AUTO
2026-04-03 11:58:02,1775217482,R_75,34155.624,1,5.216400000004796,BACKFILL_AUTO
2026-04-03 11:58:04,1775217484,R_75,34149.8974,-1,5.726600000001781,BACKFILL_AUTO
2026-04-03 11:58:06,1775217486,R_75,34145.4916,-1,4.405800000000454,BACKFILL_AUTO
2026-04-03 11:58:08,1775217488,R_75,34141.8339,-1,3.6577000000033877,BACKFILL_AUTO
2026-04-03 11:58:10,1775217490,R_75,34136.8379,-1,4.995999999999185,BACKFILL_AUTO
2026-04-03 11:58:12,1775217492,R_75,34139.2203,1,2.382400000002235,BACKFILL_AUTO
2026-04-03 11:58:14,1775217494,R_75,34128.6286,-1,10.591700000004494,BACKFILL_AUTO
2026-04-03 11:58:16,1775217496,R_75,34122.4626,-1,6.165999999997439,BACKFILL_AUTO
2026-04-03 11:58:18,1775217498,R_75,34116.4846,-1,5.977999999995518,BACKFILL_AUTO
2026-04-03 11:58:20,1775217500,R_75,34122.6593,1,6.174699999995937,BACKFILL_AUTO
2026-04-03 11:58:22,1775217502,R_75,34124.1523,1,1.493000000002212,BACKFILL_AUTO
2026-04-03 11:58:24,1775217504,R_75,34119.9103,-1,4.24199999999837,BACKFILL_AUTO
2026-04-03 11:58:26,1775217506,R_75,34109.3888,-1,10.521500000002561,BACKFILL_AUTO
2026-04-03 11:58:28,1775217508,R_75,34104.8667,-1,4.522100000001956,BACKFILL_AUTO
2026-04-03 11:58:30,1775217510,R_75,34108.3868,1,3.5201000000015483,BACKFILL_AUTO
2026-04-03 11:58:32,1775217512,R_75,34114.3938,1,6.006999999997788,BACKFILL_AUTO
2026-04-03 11:58:34,1775217514,R_75,34106.5326,-1,7.861199999999371,BACKFILL_AUTO
2026-04-03 11:58:36,1775217516,R_75,34091.2472,-1,15.285400000000664,BACKFILL_AUTO
2026-04-03 11:58:38,1775217518,R_75,34087.2024,-1,4.04479999999603,BACKFILL_AUTO
2026-04-03 11:58:40,1775217520,R_75,34095.6455,1,8.443099999996775,BACKFILL_AUTO
2026-04-03 11:58:42,1775217522,R_75,34103.4742,1,7.828699999998207,BACKFILL_AUTO
2026-04-03 11:58:44,1775217524,R_75,34103.708,1,0.2338000000017928,BACKFILL_AUTO
2026-04-03 11:58:46,1775217526,R_75,34101.3781,-1,2.3298999999969965,BACKFILL_AUTO
2026-04-03 11:58:48,1775217528,R_75,34100.6753,-1,0.7027999999991152,BACKFILL_AUTO
2026-04-03 11:58:50,1775217530,R_75,34097.6959,-1,2.979400000003807,BACKFILL_AUTO
2026-04-03 11:58:52,1775217532,R_75,34098.4958,1,0.7998999999981606,BACKFILL_AUTO
2026-04-03 11:58:54,1775217534,R_75,34102.6778,1,4.1820000000006985,BACKFILL_AUTO
2026-04-03 11:58:56,1775217536,R_75,34113.0155,1,10.337700000003679,BACKFILL_AUTO
2026-04-03 11:58:58,1775217538,R_75,34111.8088,-1,1.2067000000024564,BACKFILL_AUTO
2026-04-03 11:59:00,1775217540,R_75,34107.9982,-1,3.8105999999970663,BACKFILL_AUTO
2026-04-03 11:59:02,1775217542,R_75,34104.5186,-1,3.4795999999987544,BACKFILL_AUTO
2026-04-03 11:59:04,1775217544,R_75,34099.6122,-1,4.906399999999849,BACKFILL_AUTO
2026-04-03 11:59:06,1775217546,R_75,34100.7186,1,1.1063999999969383,BACKFILL_AUTO
2026-04-03 11:59:08,1775217548,R_75,34093.6953,-1,7.023300000000745,BACKFILL_AUTO
2026-04-03 11:59:10,1775217550,R_75,34095.0318,1,1.3364999999976135,BACKFILL_AUTO
2026-04-03 11:59:12,1775217552,R_75,34096.909,1,1.877200000002631,BACKFILL_AUTO
2026-04-03 11:59:14,1775217554,R_75,34096.5317,-1,0.3773000000001048,BACKFILL_AUTO
2026-04-03 11:59:16,1775217556,R_75,34097.7812,1,1.2494999999980791,BACKFILL_AUTO
2026-04-03 11:59:18,1775217558,R_75,34103.4656,1,5.684400000005553,BACKFILL_AUTO
2026-04-03 11:59:20,1775217560,R_75,34100.1163,-1,3.3493000000016764,BACKFILL_AUTO
2026-04-03 11:59:22,1775217562,R_75,34096.5151,-1,3.60120000000461,BACKFILL_AUTO
2026-04-03 11:59:24,1775217564,R_75,34095.912,-1,0.6031000000002678,BACKFILL_AUTO
2026-04-03 11:59:26,1775217566,R_75,34096.84,1,0.9279999999998836,BACKFILL_AUTO
2026-04-03 11:59:28,1775217568,R_75,34088.5837,-1,8.256299999993644,BACKFILL_AUTO
2026-04-03 11:59:30,1775217570,R_75,34083.0481,-1,5.535600000002887,BACKFILL_AUTO
2026-04-03 11:59:32,1775217572,R_75,34086.7361,1,3.688000000001921,BACKFILL_AUTO
2026-04-03 11:59:34,1775217574,R_75,34094.7768,1,8.040699999997742,BACKFILL_AUTO
2026-04-03 11:59:36,1775217576,R_75,34093.1538,-1,1.6229999999995925,BACKFILL_AUTO
2026-04-03 11:59:38,1775217578,R_75,34084.9692,-1,8.1846000000005,BACKFILL_AUTO
2026-04-03 11:59:40,1775217580,R_75,34084.5422,-1,0.4269999999960419,BACKFILL_AUTO
2026-04-03 11:59:42,1775217582,R_75,34081.8411,-1,2.701100000005681,BACKFILL_AUTO
2026-04-03 11:59:44,1775217584,R_75,34086.4849,1,4.643800000005285,BACKFILL_AUTO
2026-04-03 11:59:46,1775217586,R_75,34074.2531,-1,12.231800000001385,BACKFILL_AUTO
2026-04-03 11:59:48,1775217588,R_75,34061.5311,-1,12.722000000001572,BACKFILL_AUTO
2026-04-03 11:59:50,1775217590,R_75,34051.463,-1,10.068099999996775,BACKFILL_AUTO
2026-04-03 11:59:52,1775217592,R_75,34039.7096,-1,11.75340000000142,BACKFILL_AUTO
2026-04-03 11:59:54,1775217594,R_75,34038.5073,-1,1.2023000000044703,BACKFILL_AUTO
2026-04-03 11:59:56,1775217596,R_75,34048.3699,1,9.862600000000384,BACKFILL_AUTO
2026-04-03 11:59:58,1775217598,R_75,34054.8741,1,6.504200000003038,BACKFILL_AUTO
2026-04-03 12:00:00,1775217600,R_75,34058.9614,1,4.087299999999232,BACKFILL_AUTO
2026-04-03 12:00:02,1775217602,R_75,34066.8076,1,7.846199999999953,BACKFILL_AUTO
2026-04-03 12:00:04,1775217604,R_75,34068.8688,1,2.061199999996461,BACKFILL_AUTO
2026-04-03 12:00:06,1775217606,R_75,34072.7427,1,3.8739000000059605,BACKFILL_AUTO
2026-04-03 12:00:08,1775217608,R_75,34068.3751,-1,4.367600000005041,BACKFILL_AUTO
2026-04-03 12:00:10,1775217610,R_75,34068.2705,-1,0.10459999999875436,BACKFILL_AUTO
2026-04-03 12:00:12,1775217612,R_75,34055.6782,-1,12.592299999996612,BACKFILL_AUTO
2026-04-03 12:00:14,1775217614,R_75,34064.5507,1,8.872499999997672,BACKFILL_AUTO
2026-04-03 12:00:16,1775217616,R_75,34053.7204,-1,10.830300000001444,BACKFILL_AUTO
2026-04-03 12:00:18,1775217618,R_75,34059.5404,1,5.819999999999709,BACKFILL_AUTO
2026-04-03 12:00:20,1775217620,R_75,34056.7919,-1,2.7485000000015134,BACKFILL_AUTO
2026-04-03 12:00:22,1775217622,R_75,34055.0486,-1,1.7432999999946333,BACKFILL_AUTO
2026-04-03 12:00:24,1775217624,R_75,34051.5796,-1,3.4690000000045984,BACKFILL_AUTO
2026-04-03 12:00:26,1775217626,R_75,34048.6617,-1,2.9179000000003725,BACKFILL_AUTO
2026-04-03 12:00:28,1775217628,R_75,34046.4663,-1,2.19539999999688,BACKFILL_AUTO
2026-04-03 12:00:30,1775217630,R_75,34052.4701,1,6.003799999998591,BACKFILL_AUTO
2026-04-03 12:00:32,1775217632,R_75,34054.8141,1,2.3440000000045984,BACKFILL_AUTO
2026-04-03 12:00:34,1775217634,R_75,34050.1634,-1,4.6507000000056,BACKFILL_AUTO
2026-04-03 12:00:36,1775217636,R_75,34042.964,-1,7.199399999997695,BACKFILL_AUTO
2026-04-03 12:00:38,1775217638,R_75,34046.0359,1,3.0719000000026426,BACKFILL_AUTO
2026-04-03 12:00:40,1775217640,R_75,34047.5878,1,1.551899999998568,BACKFILL_AUTO
2026-04-03 12:00:42,1775217642,R_75,34051.8671,1,4.279300000001967,BACKFILL_AUTO
2026-04-03 12:00:44,1775217644,R_75,34045.5284,-1,6.3387000000002445,BACKFILL_AUTO
2026-04-03 12:00:46,1775217646,R_75,34041.5838,-1,3.944600000002538,BACKFILL_AUTO
2026-04-03 12:00:48,1775217648,R_75,34053.032,1,11.448199999998906,BACKFILL_AUTO
2026-04-03 12:00:50,1775217650,R_75,34059.7226,1,6.690600000001723,BACKFILL_AUTO
2026-04-03 12:00:52,1775217652,R_75,34057.78,-1,1.9426000000021304,BACKFILL_AUTO
2026-04-03 12:00:54,1775217654,R_75,34063.3968,1,5.616800000003423,BACKFILL_AUTO
2026-04-03 12:00:56,1775217656,R_75,34064.1487,1,0.7518999999956577,BACKFILL_AUTO
2026-04-03 12:00:58,1775217658,R_75,34065.5913,1,1.4426000000021304,BACKFILL_AUTO
2026-04-03 12:01:00,1775217660,R_75,34070.2423,1,4.650999999998021,BACKFILL_AUTO
2026-04-03 12:01:02,1775217662,R_75,34072.1324,1,1.8901000000041677,BACKFILL_AUTO
2026-04-03 12:01:04,1775217664,R_75,34065.8423,-1,6.290100000005623,BACKFILL_AUTO
2026-04-03 12:01:06,1775217666,R_75,34066.0172,1,0.1749000000054366,BACKFILL_AUTO
2026-04-03 12:01:08,1775217668,R_75,34067.7628,1,1.745599999994738,BACKFILL_AUTO
2026-04-03 12:01:10,1775217670,R_75,34066.4142,-1,1.348599999997532,BACKFILL_AUTO
2026-04-03 12:01:12,1775217672,R_75,34051.377,-1,15.037199999998847,BACKFILL_AUTO
2026-04-03 12:01:14,1775217674,R_75,34045.6584,-1,5.718600000000151,BACKFILL_AUTO
2026-04-03 12:01:16,1775217676,R_75,34049.3819,1,3.723500000000058,BACKFILL_AUTO
2026-04-03 12:01:18,1775217678,R_75,34058.7298,1,9.347900000000664,BACKFILL_AUTO
2026-04-03 12:01:20,1775217680,R_75,34065.9417,1,7.2119000000020606,BACKFILL_AUTO
2026-04-03 12:01:22,1775217682,R_75,34061.7224,-1,4.219300000004296,BACKFILL_AUTO
2026-04-03 12:01:24,1775217684,R_75,34064.5259,1,2.8035000000018044,BACKFILL_AUTO
2026-04-03 12:01:26,1775217686,R_75,34072.7386,1,8.212699999996403,BACKFILL_AUTO
2026-04-03 12:01:28,1775217688,R_75,34072.5812,-1,0.1573999999964144,BACKFILL_AUTO
2026-04-03 12:01:30,1775217690,R_75,34083.4703,1,10.889100000000326,BACKFILL_AUTO
2026-04-03 12:01:32,1775217692,R_75,34087.3153,1,3.845000000001164,BACKFILL_AUTO
2026-04-03 12:01:34,1775217694,R_75,34087.7161,1,0.4007999999957974,BACKFILL_AUTO
2026-04-03 12:01:36,1775217696,R_75,34084.9213,-1,2.7947999999960302,BACKFILL_AUTO
2026-04-03 12:01:38,1775217698,R_75,34076.4178,-1,8.503499999998894,BACKFILL_AUTO
2026-04-03 12:01:40,1775217700,R_75,34079.8136,1,3.3957999999984168,BACKFILL_AUTO
2026-04-03 12:01:42,1775217702,R_75,34083.5793,1,3.7656999999962864,BACKFILL_AUTO
2026-04-03 12:01:44,1775217704,R_75,34083.1345,-1,0.44479999999748543,BACKFILL_AUTO
2026-04-03 12:01:46,1775217706,R_75,34075.1529,-1,7.981599999999162,BACKFILL_AUTO
2026-04-03 12:01:48,1775217708,R_75,34064.913,-1,10.239900000000489,BACKFILL_AUTO
2026-04-03 12:01:50,1775217710,R_75,34059.8026,-1,5.110399999997753,BACKFILL_AUTO
2026-04-03 12:01:52,1775217712,R_75,34065.6446,1,5.841999999996915,BACKFILL_AUTO
2026-04-03 12:01:54,1775217714,R_75,34061.13,-1,4.514600000002247,BACKFILL_AUTO
2026-04-03 12:01:56,1775217716,R_75,34067.9642,1,6.834200000004785,BACKFILL_AUTO
2026-04-03 12:01:58,1775217718,R_75,34055.9948,-1,11.96940000000177,BACKFILL_AUTO
2026-04-03 12:02:00,1775217720,R_75,34069.8341,1,13.83929999999964,BACKFILL_AUTO
2026-04-03 12:02:02,1775217722,R_75,34063.3048,-1,6.529300000001967,BACKFILL_AUTO
2026-04-03 12:02:04,1775217724,R_75,34072.6665,1,9.361700000001292,BACKFILL_AUTO
2026-04-03 12:02:06,1775217726,R_75,34079.3515,1,6.684999999997672,BACKFILL_AUTO
2026-04-03 12:02:08,1775217728,R_75,34078.5629,-1,0.7885999999998603,BACKFILL_AUTO
2026-04-03 12:02:10,1775217730,R_75,34072.7523,-1,5.810599999997066,BACKFILL_AUTO
2026-04-03 12:02:12,1775217732,R_75,34067.0412,-1,5.711100000000442,BACKFILL_AUTO
2026-04-03 12:02:14,1775217734,R_75,34071.8552,1,4.813999999998487,BACKFILL_AUTO
2026-04-03 12:02:16,1775217736,R_75,34064.4154,-1,7.439800000000105,BACKFILL_AUTO
2026-04-03 12:02:18,1775217738,R_75,34072.2487,1,7.833299999998417,BACKFILL_AUTO
2026-04-03 12:02:20,1775217740,R_75,34065.3045,-1,6.944199999998091,BACKFILL_AUTO
2026-04-03 12:02:22,1775217742,R_75,34064.8096,-1,0.4948999999978696,BACKFILL_AUTO
2026-04-03 12:02:24,1775217744,R_75,34060.1819,-1,4.627699999997276,BACKFILL_AUTO
2026-04-03 12:02:26,1775217746,R_75,34066.731,1,6.5490999999965425,BACKFILL_AUTO
2026-04-03 12:02:28,1775217748,R_75,34059.2124,-1,7.518600000003062,BACKFILL_AUTO
2026-04-03 12:02:30,1775217750,R_75,34068.0126,1,8.800200000005134,BACKFILL_AUTO
2026-04-03 12:02:32,1775217752,R_75,34070.6169,1,2.604299999999057,BACKFILL_AUTO
2026-04-03 12:02:34,1775217754,R_75,34068.1351,-1,2.4818000000013853,BACKFILL_AUTO
2026-04-03 12:02:36,1775217756,R_75,34059.2386,-1,8.896500000002561,BACKFILL_AUTO
2026-04-03 12:02:38,1775217758,R_75,34053.0215,-1,6.217099999994389,BACKFILL_AUTO
2026-04-03 12:02:40,1775217760,R_75,34058.6007,1,5.579200000000128,BACKFILL_AUTO
2026-04-03 12:02:42,1775217762,R_75,34064.9994,1,6.398699999997916,BACKFILL_AUTO
2026-04-03 12:02:44,1775217764,R_75,34065.5665,1,0.5671000000002095,BACKFILL_AUTO
2026-04-03 12:02:46,1775217766,R_75,34068.2813,1,2.71480000000156,BACKFILL_AUTO
2026-04-03 12:02:48,1775217768,R_75,34067.8381,-1,0.44320000000152504,BACKFILL_AUTO
2026-04-03 12:02:50,1775217770,R_75,34070.8126,1,2.974499999996624,BACKFILL_AUTO
2026-04-03 12:02:52,1775217772,R_75,34067.2338,-1,3.578799999995681,BACKFILL_AUTO
2026-04-03 12:02:54,1775217774,R_75,34071.0661,1,3.832299999994575,BACKFILL_AUTO
2026-04-03 12:02:56,1775217776,R_75,34076.2614,1,5.195300000006682,BACKFILL_AUTO
2026-04-03 12:02:58,1775217778,R_75,34081.6993,1,5.437899999997171,BACKFILL_AUTO
2026-04-03 12:03:00,1775217780,R_75,34084.1964,1,2.4971000000005006,BACKFILL_AUTO
2026-04-03 12:03:02,1775217782,R_75,34075.5073,-1,8.689100000003236,BACKFILL_AUTO
2026-04-03 12:03:04,1775217784,R_75,34082.9895,1,7.482200000005832,BACKFILL_AUTO
2026-04-03 12:03:06,1775217786,R_75,34087.1157,1,4.126199999998789,BACKFILL_AUTO
2026-04-03 12:03:08,1775217788,R_75,34089.1837,1,2.0679999999993015,BACKFILL_AUTO
2026-04-03 12:03:10,1775217790,R_75,34090.7959,1,1.612199999995937,BACKFILL_AUTO
2026-04-03 12:03:12,1775217792,R_75,34084.3191,-1,6.476799999996729,BACKFILL_AUTO
2026-04-03 12:03:14,1775217794,R_75,34085.7484,1,1.4292999999961467,BACKFILL_AUTO
2026-04-03 12:03:16,1775217796,R_75,34092.6205,1,6.872100000000501,BACKFILL_AUTO
2026-04-03 12:03:18,1775217798,R_75,34096.7005,1,4.080000000001746,BACKFILL_AUTO
2026-04-03 12:03:20,1775217800,R_75,34099.6658,1,2.965300000003481,BACKFILL_AUTO
2026-04-03 12:03:22,1775217802,R_75,34106.7064,1,7.040600000000268,BACKFILL_AUTO
2026-04-03 12:03:24,1775217804,R_75,34116.0411,1,9.33469999999943,BACKFILL_AUTO
2026-04-03 12:03:26,1775217806,R_75,34119.8288,1,3.7877000000007683,BACKFILL_AUTO
2026-04-03 12:03:28,1775217808,R_75,34128.2852,1,8.456399999995483,BACKFILL_AUTO
2026-04-03 12:03:30,1775217810,R_75,34124.9671,-1,3.3180999999967753,BACKFILL_AUTO
2026-04-03 12:03:32,1775217812,R_75,34121.8299,-1,3.1372000000046683,BACKFILL_AUTO
2026-04-03 12:03:34,1775217814,R_75,34117.3952,-1,4.434699999997974,BACKFILL_AUTO
2026-04-03 12:03:36,1775217816,R_75,34128.5079,1,11.112699999997858,BACKFILL_AUTO
2026-04-03 12:03:38,1775217818,R_75,34127.6366,-1,0.8712999999988824,BACKFILL_AUTO
2026-04-03 12:03:40,1775217820,R_75,34121.9626,-1,5.673999999999069,BACKFILL_AUTO
2026-04-03 12:03:42,1775217822,R_75,34114.7874,-1,7.175199999997858,BACKFILL_AUTO
2026-04-03 12:03:44,1775217824,R_75,34114.9785,1,0.19109999999636784,BACKFILL_AUTO
2026-04-03 12:03:46,1775217826,R_75,34106.7142,-1,8.264299999995274,BACKFILL_AUTO
2026-04-03 12:03:48,1775217828,R_75,34103.3441,-1,3.370100000000093,BACKFILL_AUTO
2026-04-03 12:03:50,1775217830,R_75,34106.5077,1,3.1635999999998603,BACKFILL_AUTO
2026-04-03 12:03:52,1775217832,R_75,34108.4168,1,1.9090999999971245,BACKFILL_AUTO
2026-04-03 12:03:54,1775217834,R_75,34119.246,1,10.829200000000128,BACKFILL_AUTO
2026-04-03 12:03:56,1775217836,R_75,34121.1195,1,1.8735000000015134,BACKFILL_AUTO
2026-04-03 12:03:58,1775217838,R_75,34121.2102,1,0.09070000000065193,BACKFILL_AUTO
2026-04-03 12:04:00,1775217840,R_75,34125.1841,1,3.9738999999972293,BACKFILL_AUTO
2026-04-03 12:04:02,1775217842,R_75,34117.3429,-1,7.841199999995297,BACKFILL_AUTO
2026-04-03 12:04:04,1775217844,R_75,34124.659,1,7.316099999996368,BACKFILL_AUTO
2026-04-03 12:04:06,1775217846,R_75,34116.3109,-1,8.348100000002887,BACKFILL_AUTO
2026-04-03 12:04:08,1775217848,R_75,34114.3552,-1,1.9556999999986147,BACKFILL_AUTO
2026-04-03 12:04:10,1775217850,R_75,34121.6892,1,7.334000000002561,BACKFILL_AUTO
2026-04-03 12:04:12,1775217852,R_75,34125.5621,1,3.8729000000021188,BACKFILL_AUTO
2026-04-03 12:04:14,1775217854,R_75,34124.6639,-1,0.8982000000032713,BACKFILL_AUTO
2026-04-03 12:04:16,1775217856,R_75,34124.1187,-1,0.5452000000004773,BACKFILL_AUTO
2026-04-03 12:04:18,1775217858,R_75,34127.4476,1,3.3289000000004307,BACKFILL_AUTO
2026-04-03 12:04:20,1775217860,R_75,34127.2487,-1,0.19890000000305008,BACKFILL_AUTO
2026-04-03 12:04:22,1775217862,R_75,34127.057,-1,0.19169999999576248,BACKFILL_AUTO
2026-04-03 12:04:24,1775217864,R_75,34125.1113,-1,1.9457000000038533,BACKFILL_AUTO
2026-04-03 12:04:26,1775217866,R_75,34121.278,-1,3.8332999999984168,BACKFILL_AUTO
2026-04-03 12:04:28,1775217868,R_75,34124.623,1,3.345000000001164,BACKFILL_AUTO
2026-04-03 12:04:30,1775217870,R_75,34132.3147,1,7.691700000003038,BACKFILL_AUTO
2026-04-03 12:04:32,1775217872,R_75,34141.8526,1,9.537899999995716,BACKFILL_AUTO
2026-04-03 12:04:34,1775217874,R_75,34151.4285,1,9.575900000003458,BACKFILL_AUTO
2026-04-03 12:04:36,1775217876,R_75,34149.4904,-1,1.9380999999993946,BACKFILL_AUTO
2026-04-03 12:04:38,1775217878,R_75,34167.0044,1,17.513999999995576,BACKFILL_AUTO
2026-04-03 12:04:40,1775217880,R_75,34165.7667,-1,1.237699999997858,BACKFILL_AUTO
2026-04-03 12:04:42,1775217882,R_75,34170.2018,1,4.435100000002421,BACKFILL_AUTO
2026-04-03 12:04:44,1775217884,R_75,34170.9122,1,0.710399999996298,BACKFILL_AUTO
2026-04-03 12:04:46,1775217886,R_75,34175.0453,1,4.133099999999104,BACKFILL_AUTO
2026-04-03 12:04:48,1775217888,R_75,34178.1519,1,3.106599999999162,BACKFILL_AUTO
2026-04-03 12:04:50,1775217890,R_75,34176.8908,-1,1.2610999999960768,BACKFILL_AUTO
2026-04-03 12:04:52,1775217892,R_75,34183.1392,1,6.248399999996764,BACKFILL_AUTO
2026-04-03 12:04:54,1775217894,R_75,34186.8277,1,3.6885000000038417,BACKFILL_AUTO
2026-04-03 12:04:56,1775217896,R_75,34176.2648,-1,10.562900000004447,BACKFILL_AUTO
2026-04-03 12:04:58,1775217898,R_75,34168.2616,-1,8.003199999999197,BACKFILL_AUTO
2026-04-03 12:05:00,1775217900,R_75,34163.3909,-1,4.870699999999488,BACKFILL_AUTO
2026-04-03 12:05:02,1775217902,R_75,34162.567,-1,0.8238999999957741,BACKFILL_AUTO
2026-04-03 12:05:04,1775217904,R_75,34169.2209,1,6.65389999999752,BACKFILL_AUTO
2026-04-03 12:05:06,1775217906,R_75,34167.0873,-1,2.1336000000010245,BACKFILL_AUTO
2026-04-03 12:05:08,1775217908,R_75,34161.7361,-1,5.351199999997334,BACKFILL_AUTO
2026-04-03 12:05:10,1775217910,R_75,34171.6028,1,9.866699999998673,BACKFILL_AUTO
2026-04-03 12:05:12,1775217912,R_75,34150.0546,-1,21.54819999999745,BACKFILL_AUTO
2026-04-03 12:05:14,1775217914,R_75,34151.6389,1,1.5842999999949825,BACKFILL_AUTO
2026-04-03 12:05:16,1775217916,R_75,34134.687,-1,16.951900000000023,BACKFILL_AUTO
2026-04-03 12:05:18,1775217918,R_75,34126.5967,-1,8.090299999996205,BACKFILL_AUTO
2026-04-03 12:05:20,1775217920,R_75,34137.3472,1,10.750499999994645,BACKFILL_AUTO
2026-04-03 12:05:22,1775217922,R_75,34156.3935,1,19.046300000001793,BACKFILL_AUTO
2026-04-03 12:05:24,1775217924,R_75,34157.8116,1,1.418100000002596,BACKFILL_AUTO
2026-04-03 12:05:26,1775217926,R_75,34155.405,-1,2.406600000002072,BACKFILL_AUTO
2026-04-03 12:05:28,1775217928,R_75,34152.1241,-1,3.280899999997928,BACKFILL_AUTO
2026-04-03 12:05:30,1775217930,R_75,34141.1016,-1,11.022499999999127,BACKFILL_AUTO
2026-04-03 12:05:32,1775217932,R_75,34144.2823,1,3.1806999999971595,BACKFILL_AUTO
2026-04-03 12:05:34,1775217934,R_75,34142.4004,-1,1.8819000000003143,BACKFILL_AUTO
2026-04-03 12:05:36,1775217936,R_75,34142.0292,-1,0.3712000000014086,BACKFILL_AUTO
2026-04-03 12:05:38,1775217938,R_75,34134.6964,-1,7.332799999996496,BACKFILL_AUTO
2026-04-03 12:05:40,1775217940,R_75,34138.5415,1,3.845099999998638,BACKFILL_AUTO
2026-04-03 12:05:42,1775217942,R_75,34139.127,1,0.5855000000010477,BACKFILL_AUTO
2026-04-03 12:05:44,1775217944,R_75,34145.2834,1,6.156399999999849,BACKFILL_AUTO
2026-04-03 12:05:46,1775217946,R_75,34136.1207,-1,9.162700000000768,BACKFILL_AUTO
2026-04-03 12:05:48,1775217948,R_75,34131.8147,-1,4.305999999996857,BACKFILL_AUTO
2026-04-03 12:05:50,1775217950,R_75,34134.281,1,2.4663000000000466,BACKFILL_AUTO
2026-04-03 12:05:52,1775217952,R_75,34126.9786,-1,7.302400000000489,BACKFILL_AUTO
2026-04-03 12:05:54,1775217954,R_75,34147.4081,1,20.42949999999837,BACKFILL_AUTO
2026-04-03 12:05:56,1775217956,R_75,34149.0754,1,1.6673000000009779,BACKFILL_AUTO
2026-04-03 12:05:58,1775217958,R_75,34141.5078,-1,7.56760000000213,BACKFILL_AUTO
2026-04-03 12:06:00,1775217960,R_75,34138.7549,-1,2.7528999999994994,BACKFILL_AUTO
2026-04-03 12:06:02,1775217962,R_75,34131.1993,-1,7.555599999999686,BACKFILL_AUTO
2026-04-03 12:06:04,1775217964,R_75,34123.8113,-1,7.3879999999990105,BACKFILL_AUTO
2026-04-03 12:06:06,1775217966,R_75,34121.2971,-1,2.5141999999977998,BACKFILL_AUTO
2026-04-03 12:06:08,1775217968,R_75,34128.5118,1,7.21469999999681,BACKFILL_AUTO
2026-04-03 12:06:10,1775217970,R_75,34129.2765,1,0.7646999999997206,BACKFILL_AUTO
2026-04-03 12:06:12,1775217972,R_75,34137.6304,1,8.353900000001886,BACKFILL_AUTO
2026-04-03 12:06:14,1775217974,R_75,34140.5475,1,2.9170999999987544,BACKFILL_AUTO
2026-04-03 12:06:16,1775217976,R_75,34141.9031,1,1.355600000002596,BACKFILL_AUTO
2026-04-03 12:06:18,1775217978,R_75,34135.1841,-1,6.719000000004598,BACKFILL_AUTO
2026-04-03 12:06:20,1775217980,R_75,34140.965,1,5.780899999997928,BACKFILL_AUTO
2026-04-03 12:06:22,1775217982,R_75,34137.7305,-1,3.2344999999986612,BACKFILL_AUTO
2026-04-03 12:06:24,1775217984,R_75,34135.777,-1,1.9534999999959837,BACKFILL_AUTO
2026-04-03 12:06:26,1775217986,R_75,34125.9068,-1,9.870200000004843,BACKFILL_AUTO
2026-04-03 12:06:28,1775217988,R_75,34137.7384,1,11.831600000004983,BACKFILL_AUTO
2026-04-03 12:06:30,1775217990,R_75,34146.7334,1,8.994999999995343,BACKFILL_AUTO
2026-04-03 12:06:32,1775217992,R_75,34146.5998,-1,0.1335999999937485,BACKFILL_AUTO
2026-04-03 12:06:34,1775217994,R_75,34152.2579,1,5.658099999993283,BACKFILL_AUTO
2026-04-03 12:06:36,1775217996,R_75,34143.9683,-1,8.289599999996426,BACKFILL_AUTO
2026-04-03 12:06:38,1775217998,R_75,34144.2455,1,0.2771999999968102,BACKFILL_AUTO
2026-04-03 12:06:40,1775218000,R_75,34144.2345,-1,0.010999999998603016,BACKFILL_AUTO
2026-04-03 12:06:42,1775218002,R_75,34150.6446,1,6.410100000000966,BACKFILL_AUTO
2026-04-03 12:06:44,1775218004,R_75,34149.4336,-1,1.2110000000029686,BACKFILL_AUTO
2026-04-03 12:06:46,1775218006,R_75,34154.2378,1,4.804200000005949,BACKFILL_AUTO
2026-04-03 12:06:48,1775218008,R_75,34151.3782,-1,2.859600000003411,BACKFILL_AUTO
2026-04-03 12:06:50,1775218010,R_75,34154.8726,1,3.4944000000032247,BACKFILL_AUTO
2026-04-03 12:06:52,1775218012,R_75,34157.9289,1,3.056299999996554,BACKFILL_AUTO
2026-04-03 12:06:54,1775218014,R_75,34151.9143,-1,6.014600000002247,BACKFILL_AUTO
2026-04-03 12:06:56,1775218016,R_75,34153.7839,1,1.8696000000054482,BACKFILL_AUTO
2026-04-03 12:06:58,1775218018,R_75,34157.4599,1,3.675999999999476,BACKFILL_AUTO
2026-04-03 12:07:00,1775218020,R_75,34167.0138,1,9.553899999998976,BACKFILL_AUTO
2026-04-03 12:07:02,1775218022,R_75,34162.4428,-1,4.571000000003551,BACKFILL_AUTO
2026-04-03 12:07:04,1775218024,R_75,34166.7085,1,4.265700000003562,BACKFILL_AUTO
2026-04-03 12:07:06,1775218026,R_75,34168.0556,1,1.3470999999990454,BACKFILL_AUTO
2026-04-03 12:07:08,1775218028,R_75,34169.9144,1,1.8588000000017928,BACKFILL_AUTO
2026-04-03 12:07:10,1775218030,R_75,34178.365,1,8.450599999996484,BACKFILL_AUTO
2026-04-03 12:07:12,1775218032,R_75,34183.6753,1,5.310300000004645,BACKFILL_AUTO
2026-04-03 12:07:14,1775218034,R_75,34179.0578,-1,4.617500000000291,BACKFILL_AUTO
2026-04-03 12:07:16,1775218036,R_75,34175.5922,-1,3.465600000003178,BACKFILL_AUTO
2026-04-03 12:07:18,1775218038,R_75,34179.996,1,4.403800000000047,BACKFILL_AUTO
2026-04-03 12:07:20,1775218040,R_75,34185.3166,1,5.320599999999104,BACKFILL_AUTO
2026-04-03 12:07:22,1775218042,R_75,34192.762,1,7.445400000004156,BACKFILL_AUTO
2026-04-03 12:07:24,1775218044,R_75,34198.0672,1,5.305199999995239,BACKFILL_AUTO
2026-04-03 12:07:26,1775218046,R_75,34208.7694,1,10.70219999999972,BACKFILL_AUTO
2026-04-03 12:07:28,1775218048,R_75,34208.1542,-1,0.6152000000001863,BACKFILL_AUTO
2026-04-03 12:07:30,1775218050,R_75,34203.341,-1,4.813199999996868,BACKFILL_AUTO
2026-04-03 12:07:32,1775218052,R_75,34202.7484,-1,0.5926000000035856,BACKFILL_AUTO
2026-04-03 12:07:34,1775218054,R_75,34206.2962,1,3.5478000000002794,BACKFILL_AUTO
2026-04-03 12:07:36,1775218056,R_75,34201.2222,-1,5.074000000000524,BACKFILL_AUTO
2026-04-03 12:07:38,1775218058,R_75,34203.1561,1,1.9339000000036322,BACKFILL_AUTO
2026-04-03 12:07:40,1775218060,R_75,34200.3547,-1,2.8013999999966472,BACKFILL_AUTO
2026-04-03 12:07:42,1775218062,R_75,34193.4195,-1,6.935199999999895,BACKFILL_AUTO
2026-04-03 12:07:44,1775218064,R_75,34199.1653,1,5.745799999996962,BACKFILL_AUTO
2026-04-03 12:07:46,1775218066,R_75,34201.201,1,2.035700000000361,BACKFILL_AUTO
2026-04-03 12:07:48,1775218068,R_75,34193.6894,-1,7.511599999997998,BACKFILL_AUTO
2026-04-03 12:07:50,1775218070,R_75,34201.4172,1,7.72780000000057,BACKFILL_AUTO
2026-04-03 12:07:52,1775218072,R_75,34194.5344,-1,6.882800000006682,BACKFILL_AUTO
2026-04-03 12:07:54,1775218074,R_75,34185.0635,-1,9.470900000000256,BACKFILL_AUTO
2026-04-03 12:07:56,1775218076,R_75,34183.9336,-1,1.1298999999999069,BACKFILL_AUTO
2026-04-03 12:07:58,1775218078,R_75,34192.4169,1,8.483299999999872,BACKFILL_AUTO
2026-04-03 12:08:00,1775218080,R_75,34196.305,1,3.88810000000376,BACKFILL_AUTO
2026-04-03 12:08:02,1775218082,R_75,34201.5393,1,5.234299999996438,BACKFILL_AUTO
2026-04-03 12:08:04,1775218084,R_75,34204.1305,1,2.591200000002573,BACKFILL_AUTO
2026-04-03 12:08:06,1775218086,R_75,34191.1637,-1,12.966800000001967,BACKFILL_AUTO
2026-04-03 12:08:08,1775218088,R_75,34182.5895,-1,8.574199999995471,BACKFILL_AUTO
2026-04-03 12:08:10,1775218090,R_75,34183.0861,1,0.49659999999857973,BACKFILL_AUTO
2026-04-03 12:08:12,1775218092,R_75,34183.4086,1,0.32250000000203727,BACKFILL_AUTO
2026-04-03 12:08:14,1775218094,R_75,34177.3095,-1,6.099099999999453,BACKFILL_AUTO
2026-04-03 12:08:16,1775218096,R_75,34173.1485,-1,4.161000000000058,BACKFILL_AUTO
2026-04-03 12:08:18,1775218098,R_75,34183.7356,1,10.587099999997008,BACKFILL_AUTO
2026-04-03 12:08:20,1775218100,R_75,34188.4305,1,4.694900000002235,BACKFILL_AUTO
2026-04-03 12:08:22,1775218102,R_75,34181.4111,-1,7.01940000000468,BACKFILL_AUTO
2026-04-03 12:08:24,1775218104,R_75,34184.5747,1,3.1635999999998603,BACKFILL_AUTO
2026-04-03 12:08:26,1775218106,R_75,34188.4371,1,3.8624000000054366,BACKFILL_AUTO
2026-04-03 12:08:28,1775218108,R_75,34198.1412,1,9.704099999995378,BACKFILL_AUTO
2026-04-03 12:08:30,1775218110,R_75,34191.8115,-1,6.329699999994773,BACKFILL_AUTO
2026-04-03 12:08:32,1775218112,R_75,34188.879,-1,2.9325000000026193,BACKFILL_AUTO
2026-04-03 12:08:34,1775218114,R_75,34183.4628,-1,5.416199999999662,BACKFILL_AUTO
2026-04-03 12:08:36,1775218116,R_75,34183.0051,-1,0.4576999999990221,BACKFILL_AUTO
2026-04-03 12:08:38,1775218118,R_75,34195.4776,1,12.472499999996217,BACKFILL_AUTO
2026-04-03 12:08:40,1775218120,R_75,34191.8254,-1,3.65219999999681,BACKFILL_AUTO
2026-04-03 12:08:42,1775218122,R_75,34197.1858,1,5.360399999997753,BACKFILL_AUTO
2026-04-03 12:08:44,1775218124,R_75,34189.6194,-1,7.566399999996065,BACKFILL_AUTO
2026-04-03 12:08:46,1775218126,R_75,34206.3878,1,16.768399999993562,BACKFILL_AUTO
2026-04-03 12:08:48,1775218128,R_75,34224.4018,1,18.014000000002852,BACKFILL_AUTO
2026-04-03 12:08:50,1775218130,R_75,34227.2168,1,2.8150000000023283,BACKFILL_AUTO
2026-04-03 12:08:52,1775218132,R_75,34220.9103,-1,6.306499999998778,BACKFILL_AUTO
2026-04-03 12:08:54,1775218134,R_75,34221.4901,1,0.5797999999995227,BACKFILL_AUTO
2026-04-03 12:08:56,1775218136,R_75,34224.1184,1,2.6282999999966705,BACKFILL_AUTO
2026-04-03 12:08:58,1775218138,R_75,34215.7763,-1,8.342100000001665,BACKFILL_AUTO
2026-04-03 12:09:00,1775218140,R_75,34218.5785,1,2.8022000000055414,BACKFILL_AUTO
2026-04-03 12:09:02,1775218142,R_75,34214.9852,-1,3.593300000000454,BACKFILL_AUTO
2026-04-03 12:09:04,1775218144,R_75,34208.8243,-1,6.160900000002584,BACKFILL_AUTO
2026-04-03 12:09:06,1775218146,R_75,34208.0188,-1,0.8055000000022119,BACKFILL_AUTO
2026-04-03 12:09:08,1775218148,R_75,34211.7051,1,3.6863000000012107,BACKFILL_AUTO
2026-04-03 12:09:10,1775218150,R_75,34217.1265,1,5.421399999999267,BACKFILL_AUTO
2026-04-03 12:09:12,1775218152,R_75,34221.9552,1,4.828699999998207,BACKFILL_AUTO
2026-04-03 12:09:14,1775218154,R_75,34230.0967,1,8.14150000000518,BACKFILL_AUTO
2026-04-03 12:09:16,1775218156,R_75,34242.4697,1,12.372999999999593,BACKFILL_AUTO
2026-04-03 12:09:18,1775218158,R_75,34231.0869,-1,11.382799999999406,BACKFILL_AUTO
2026-04-03 12:09:20,1775218160,R_75,34245.6711,1,14.584199999997509,BACKFILL_AUTO
2026-04-03 12:09:22,1775218162,R_75,34245.2741,-1,0.39699999999720603,BACKFILL_AUTO
2026-04-03 12:09:24,1775218164,R_75,34246.9684,1,1.6942999999955646,BACKFILL_AUTO
2026-04-03 12:09:26,1775218166,R_75,34238.8098,-1,8.158599999995204,BACKFILL_AUTO
2026-04-03 12:09:28,1775218168,R_75,34230.2517,-1,8.558100000002014,BACKFILL_AUTO
2026-04-03 12:09:30,1775218170,R_75,34228.9984,-1,1.2533000000039465,BACKFILL_AUTO
2026-04-03 12:09:32,1775218172,R_75,34212.5762,-1,16.42219999999361,BACKFILL_AUTO
2026-04-03 12:09:34,1775218174,R_75,34211.656,-1,0.9202000000004773,BACKFILL_AUTO
2026-04-03 12:09:36,1775218176,R_75,34208.9848,-1,2.671200000004319,BACKFILL_AUTO
2026-04-03 12:09:38,1775218178,R_75,34199.473,-1,9.511800000000221,BACKFILL_AUTO
2026-04-03 12:09:40,1775218180,R_75,34197.6595,-1,1.8134999999965657,BACKFILL_AUTO
2026-04-03 12:09:42,1775218182,R_75,34189.3923,-1,8.267200000002049,BACKFILL_AUTO
2026-04-03 12:09:44,1775218184,R_75,34183.3527,-1,6.039599999996426,BACKFILL_AUTO
2026-04-03 12:09:46,1775218186,R_75,34192.3266,1,8.97389999999723,BACKFILL_AUTO
2026-04-03 12:09:48,1775218188,R_75,34190.0143,-1,2.3122999999977765,BACKFILL_AUTO
2026-04-03 12:09:50,1775218190,R_75,34186.3814,-1,3.632900000004156,BACKFILL_AUTO
2026-04-03 12:09:52,1775218192,R_75,34188.2895,1,1.9081000000005588,BACKFILL_AUTO
2026-04-03 12:09:54,1775218194,R_75,34185.2972,-1,2.9922999999980675,BACKFILL_AUTO
2026-04-03 12:09:56,1775218196,R_75,34178.9605,-1,6.336699999999837,BACKFILL_AUTO
2026-04-03 12:09:58,1775218198,R_75,34178.3845,-1,0.5760000000009313,BACKFILL_AUTO
2026-04-03 12:10:00,1775218200,R_75,34190.9947,1,12.610200000002806,BACKFILL_AUTO
2026-04-03 12:10:02,1775218202,R_75,34193.2376,1,2.242899999997462,BACKFILL_AUTO
2026-04-03 12:10:04,1775218204,R_75,34189.7247,-1,3.5129000000015367,BACKFILL_AUTO
2026-04-03 12:10:06,1775218206,R_75,34196.4379,1,6.713199999998324,BACKFILL_AUTO
2026-04-03 12:10:08,1775218208,R_75,34186.5046,-1,9.933299999996962,BACKFILL_AUTO
2026-04-03 12:10:10,1775218210,R_75,34196.5798,1,10.075199999999313,BACKFILL_AUTO
2026-04-03 12:10:12,1775218212,R_75,34193.8974,-1,2.6823999999978696,BACKFILL_AUTO
2026-04-03 12:10:14,1775218214,R_75,34200.5371,1,6.639699999999721,BACKFILL_AUTO
2026-04-03 12:10:16,1775218216,R_75,34214.2497,1,13.712599999998929,BACKFILL_AUTO
2026-04-03 12:10:18,1775218218,R_75,34214.0423,-1,0.2073999999993248,BACKFILL_AUTO
2026-04-03 12:10:20,1775218220,R_75,34216.2088,1,2.1664999999993597,BACKFILL_AUTO
2026-04-03 12:10:22,1775218222,R_75,34228.5408,1,12.332000000002154,BACKFILL_AUTO
2026-04-03 12:10:24,1775218224,R_75,34228.9421,1,0.40129999999771826,BACKFILL_AUTO
2026-04-03 12:10:26,1775218226,R_75,34235.0564,1,6.114300000001094,BACKFILL_AUTO
2026-04-03 12:10:28,1775218228,R_75,34234.1198,-1,0.936600000000908,BACKFILL_AUTO
2026-04-03 12:10:30,1775218230,R_75,34231.5563,-1,2.5635000000038417,BACKFILL_AUTO
2026-04-03 12:10:32,1775218232,R_75,34225.3004,-1,6.255899999996473,BACKFILL_AUTO
2026-04-03 12:10:34,1775218234,R_75,34223.2573,-1,2.043100000002596,BACKFILL_AUTO
2026-04-03 12:10:36,1775218236,R_75,34219.5921,-1,3.6651999999958207,BACKFILL_AUTO
2026-04-03 12:10:38,1775218238,R_75,34234.96,1,15.367899999997462,BACKFILL_AUTO
2026-04-03 12:10:40,1775218240,R_75,34231.8665,-1,3.0935000000026776,BACKFILL_AUTO
2026-04-03 12:10:42,1775218242,R_75,34227.5819,-1,4.284599999999045,BACKFILL_AUTO
2026-04-03 12:10:44,1775218244,R_75,34242.276,1,14.694100000000617,BACKFILL_AUTO
2026-04-03 12:10:46,1775218246,R_75,34235.3194,-1,6.956599999997707,BACKFILL_AUTO
2026-04-03 12:10:48,1775218248,R_75,34227.899,-1,7.420400000002701,BACKFILL_AUTO
2026-04-03 12:10:50,1775218250,R_75,34234.8976,1,6.998599999998987,BACKFILL_AUTO
2026-04-03 12:10:52,1775218252,R_75,34236.5043,1,1.6067000000039116,BACKFILL_AUTO
2026-04-03 12:10:54,1775218254,R_75,34242.0624,1,5.558100000002014,BACKFILL_AUTO
2026-04-03 12:10:56,1775218256,R_75,34247.9659,1,5.903500000000349,BACKFILL_AUTO
2026-04-03 12:10:58,1775218258,R_75,34239.2264,-1,8.739500000003318,BACKFILL_AUTO
2026-04-03 12:11:00,1775218260,R_75,34231.9883,-1,7.238100000002305,BACKFILL_AUTO
2026-04-03 12:11:02,1775218262,R_75,34243.4194,1,11.431100000001607,BACKFILL_AUTO
2026-04-03 12:11:04,1775218264,R_75,34229.2707,-1,14.148699999997916,BACKFILL_AUTO
2026-04-03 12:11:06,1775218266,R_75,34237.8992,1,8.628499999998894,BACKFILL_AUTO
2026-04-03 12:11:08,1775218268,R_75,34234.0119,-1,3.887300000002142,BACKFILL_AUTO
2026-04-03 12:11:10,1775218270,R_75,34226.808,-1,7.203900000000431,BACKFILL_AUTO
2026-04-03 12:11:12,1775218272,R_75,34227.2609,1,0.452900000003865,BACKFILL_AUTO
2026-04-03 12:11:14,1775218274,R_75,34218.5145,-1,8.746400000003632,BACKFILL_AUTO
2026-04-03 12:11:16,1775218276,R_75,34222.7489,1,4.234400000001187,BACKFILL_AUTO
2026-04-03 12:11:18,1775218278,R_75,34222.2457,-1,0.5031999999991967,BACKFILL_AUTO
2026-04-03 12:11:20,1775218280,R_75,34225.3987,1,3.1529999999984284,BACKFILL_AUTO
2026-04-03 12:11:22,1775218282,R_75,34235.6004,1,10.201700000005076,BACKFILL_AUTO
2026-04-03 12:11:24,1775218284,R_75,34232.5355,-1,3.0649000000048545,BACKFILL_AUTO
2026-04-03 12:11:26,1775218286,R_75,34237.1193,1,4.583800000000338,BACKFILL_AUTO
2026-04-03 12:11:28,1775218288,R_75,34229.8465,-1,7.272799999998824,BACKFILL_AUTO
2026-04-03 12:11:30,1775218290,R_75,34227.3125,-1,2.5339999999996508,BACKFILL_AUTO
2026-04-03 12:11:32,1775218292,R_75,34234.4228,1,7.110300000000279,BACKFILL_AUTO
2026-04-03 12:11:34,1775218294,R_75,34229.6879,-1,4.734900000003108,BACKFILL_AUTO
2026-04-03 12:11:36,1775218296,R_75,34244.6294,1,14.941500000000815,BACKFILL_AUTO
2026-04-03 12:11:38,1775218298,R_75,34248.4114,1,3.7819999999992433,BACKFILL_AUTO
2026-04-03 12:11:40,1775218300,R_75,34242.4336,-1,5.97780000000057,BACKFILL_AUTO
2026-04-03 12:11:42,1775218302,R_75,34233.9936,-1,8.439999999995052,BACKFILL_AUTO
2026-04-03 12:11:44,1775218304,R_75,34227.7169,-1,6.276700000002165,BACKFILL_AUTO
2026-04-03 12:11:46,1775218306,R_75,34228.3784,1,0.6615000000019791,BACKFILL_AUTO
2026-04-03 12:11:48,1775218308,R_75,34223.3045,-1,5.07390000000305,BACKFILL_AUTO
2026-04-03 12:11:50,1775218310,R_75,34226.7184,1,3.4138999999995576,BACKFILL_AUTO
2026-04-03 12:11:52,1775218312,R_75,34227.7932,1,1.074800000002142,BACKFILL_AUTO
2026-04-03 12:11:54,1775218314,R_75,34228.8066,1,1.0134000000034575,BACKFILL_AUTO
2026-04-03 12:11:56,1775218316,R_75,34221.9516,-1,6.855000000003201,BACKFILL_AUTO
2026-04-03 12:11:58,1775218318,R_75,34231.5129,1,9.56130000000121,BACKFILL_AUTO
2026-04-03 12:12:00,1775218320,R_75,34235.399,1,3.886099999996077,BACKFILL_AUTO
2026-04-03 12:12:02,1775218322,R_75,34236.8314,1,1.4324000000051456,BACKFILL_AUTO
2026-04-03 12:12:04,1775218324,R_75,34225.5593,-1,11.272100000001956,BACKFILL_AUTO
2026-04-03 12:12:06,1775218326,R_75,34238.3687,1,12.809399999998277,BACKFILL_AUTO
2026-04-03 12:12:08,1775218328,R_75,34243.0346,1,4.665899999999965,BACKFILL_AUTO
2026-04-03 12:12:10,1775218330,R_75,34246.183,1,3.148399999998219,BACKFILL_AUTO
2026-04-03 12:12:12,1775218332,R_75,34243.2637,-1,2.9192999999941094,BACKFILL_AUTO
2026-04-03 12:12:14,1775218334,R_75,34235.0632,-1,8.200500000006286,BACKFILL_AUTO
2026-04-03 12:12:16,1775218336,R_75,34235.3995,1,0.3363000000026659,BACKFILL_AUTO
2026-04-03 12:12:18,1775218338,R_75,34230.2885,-1,5.110999999997148,BACKFILL_AUTO
2026-04-03 12:12:20,1775218340,R_75,34229.5256,-1,0.7629000000015367,BACKFILL_AUTO
2026-04-03 12:12:22,1775218342,R_75,34227.2256,-1,2.3000000000029104,BACKFILL_AUTO
2026-04-03 12:12:24,1775218344,R_75,34219.5975,-1,7.628099999994447,BACKFILL_AUTO
2026-04-03 12:12:26,1775218346,R_75,34223.9011,1,4.303599999999278,BACKFILL_AUTO
2026-04-03 12:12:28,1775218348,R_75,34218.7334,-1,5.167700000005425,BACKFILL_AUTO
2026-04-03 12:12:30,1775218350,R_75,34236.4188,1,17.68540000000212,BACKFILL_AUTO
2026-04-03 12:12:32,1775218352,R_75,34244.2342,1,7.815399999999499,BACKFILL_AUTO
2026-04-03 12:12:34,1775218354,R_75,34252.8,1,8.565800000003946,BACKFILL_AUTO
2026-04-03 12:12:36,1775218356,R_75,34261.1809,1,8.380899999996473,BACKFILL_AUTO
2026-04-03 12:12:38,1775218358,R_75,34272.621,1,11.440099999999802,BACKFILL_AUTO
2026-04-03 12:12:40,1775218360,R_75,34268.3477,-1,4.273300000000745,BACKFILL_AUTO
2026-04-03 12:12:42,1775218362,R_75,34267.7167,-1,0.6310000000012224,BACKFILL_AUTO
2026-04-03 12:12:44,1775218364,R_75,34271.1757,1,3.459000000002561,BACKFILL_AUTO
2026-04-03 12:12:46,1775218366,R_75,34274.9065,1,3.7307999999975436,BACKFILL_AUTO
2026-04-03 12:12:48,1775218368,R_75,34259.9027,-1,15.003799999998591,BACKFILL_AUTO
2026-04-03 12:12:50,1775218370,R_75,34244.61,-1,15.292699999998149,BACKFILL_AUTO
2026-04-03 12:12:52,1775218372,R_75,34237.3119,-1,7.298099999999977,BACKFILL_AUTO
2026-04-03 12:12:54,1775218374,R_75,34235.2766,-1,2.03530000000319,BACKFILL_AUTO
2026-04-03 12:12:56,1775218376,R_75,34236.1822,1,0.9056000000055064,BACKFILL_AUTO
2026-04-03 12:12:58,1775218378,R_75,34232.092,-1,4.090200000006007,BACKFILL_AUTO
2026-04-03 12:13:00,1775218380,R_75,34240.0655,1,7.973500000000058,BACKFILL_AUTO
2026-04-03 12:13:02,1775218382,R_75,34241.5835,1,1.518000000003667,BACKFILL_AUTO
2026-04-03 12:13:04,1775218384,R_75,34240.8977,-1,0.6857999999992899,BACKFILL_AUTO
2026-04-03 12:13:06,1775218386,R_75,34242.071,1,1.1733000000022002,BACKFILL_AUTO
2026-04-03 12:13:08,1775218388,R_75,34236.6316,-1,5.439400000002934,BACKFILL_AUTO
2026-04-03 12:13:10,1775218390,R_75,34244.9321,1,8.300499999997555,BACKFILL_AUTO
2026-04-03 12:13:12,1775218392,R_75,34241.9338,-1,2.99829999999929,BACKFILL_AUTO
2026-04-03 12:13:14,1775218394,R_75,34240.5606,-1,1.373200000001816,BACKFILL_AUTO
2026-04-03 12:13:16,1775218396,R_75,34238.9939,-1,1.5666999999957625,BACKFILL_AUTO
2026-04-03 12:13:18,1775218398,R_75,34247.5439,1,8.549999999995634,BACKFILL_AUTO
2026-04-03 12:13:20,1775218400,R_75,34241.2144,-1,6.329499999999825,BACKFILL_AUTO
2026-04-03 12:13:22,1775218402,R_75,34244.713,1,3.498600000006263,BACKFILL_AUTO
2026-04-03 12:13:24,1775218404,R_75,34247.0774,1,2.364399999998568,BACKFILL_AUTO
2026-04-03 12:13:26,1775218406,R_75,34249.9533,1,2.875899999999092,BACKFILL_AUTO
2026-04-03 12:13:28,1775218408,R_75,34246.0826,-1,3.8706999999994878,BACKFILL_AUTO
2026-04-03 12:13:30,1775218410,R_75,34245.62,-1,0.462599999998929,BACKFILL_AUTO
2026-04-03 12:13:32,1775218412,R_75,34254.8421,1,9.222099999999045,BACKFILL_AUTO
2026-04-03 12:13:34,1775218414,R_75,34251.6318,-1,3.210299999998824,BACKFILL_AUTO
2026-04-03 12:13:36,1775218416,R_75,34242.6953,-1,8.936500000003434,BACKFILL_AUTO
2026-04-03 12:13:38,1775218418,R_75,34245.2794,1,2.584100000000035,BACKFILL_AUTO
2026-04-03 12:13:40,1775218420,R_75,34245.0241,-1,0.255299999997078,BACKFILL_AUTO
2026-04-03 12:13:42,1775218422,R_75,34251.7685,1,6.744399999995949,BACKFILL_AUTO
2026-04-03 12:13:44,1775218424,R_75,34261.3752,1,9.606700000003912,BACKFILL_AUTO
2026-04-03 12:13:46,1775218426,R_75,34260.6593,-1,0.7159000000028755,BACKFILL_AUTO
2026-04-03 12:13:48,1775218428,R_75,34259.9596,-1,0.6996999999973923,BACKFILL_AUTO
2026-04-03 12:13:50,1775218430,R_75,34261.544,1,1.5843999999997322,BACKFILL_AUTO
2026-04-03 12:13:52,1775218432,R_75,34271.8557,1,10.311699999998382,BACKFILL_AUTO
2026-04-03 12:13:54,1775218434,R_75,34282.8295,1,10.973799999999756,BACKFILL_AUTO
2026-04-03 12:13:56,1775218436,R_75,34281.6337,-1,1.1958000000013271,BACKFILL_AUTO
2026-04-03 12:13:58,1775218438,R_75,34276.8109,-1,4.822800000001735,BACKFILL_AUTO
2026-04-03 12:14:00,1775218440,R_75,34272.3113,-1,4.499599999995553,BACKFILL_AUTO
2026-04-03 12:14:02,1775218442,R_75,34266.4985,-1,5.812799999999697,BACKFILL_AUTO
2026-04-03 12:14:04,1775218444,R_75,34267.7717,1,1.2731999999959953,BACKFILL_AUTO
2026-04-03 12:14:06,1775218446,R_75,34275.0349,1,7.263200000001234,BACKFILL_AUTO
2026-04-03 12:14:08,1775218448,R_75,34275.2972,1,0.26230000000214204,BACKFILL_AUTO
2026-04-03 12:14:10,1775218450,R_75,34263.2463,-1,12.050900000002002,BACKFILL_AUTO
2026-04-03 12:14:12,1775218452,R_75,34270.3409,1,7.094600000003993,BACKFILL_AUTO
2026-04-03 12:14:14,1775218454,R_75,34283.1555,1,12.814599999997881,BACKFILL_AUTO
2026-04-03 12:14:16,1775218456,R_75,34276.8457,-1,6.309800000002724,BACKFILL_AUTO
2026-04-03 12:14:18,1775218458,R_75,34273.2674,-1,3.578300000001036,BACKFILL_AUTO
2026-04-03 12:14:20,1775218460,R_75,34270.8262,-1,2.4411999999938416,BACKFILL_AUTO
2026-04-03 12:14:22,1775218462,R_75,34274.7686,1,3.942399999999907,BACKFILL_AUTO
2026-04-03 12:14:24,1775218464,R_75,34280.4947,1,5.72609999999986,BACKFILL_AUTO
2026-04-03 12:14:26,1775218466,R_75,34269.4531,-1,11.04160000000411,BACKFILL_AUTO
2026-04-03 12:14:28,1775218468,R_75,34260.6483,-1,8.804799999998068,BACKFILL_AUTO
2026-04-03 12:14:30,1775218470,R_75,34271.5394,1,10.891100000000733,BACKFILL_AUTO
2026-04-03 12:14:32,1775218472,R_75,34279.4114,1,7.871999999995751,BACKFILL_AUTO
2026-04-03 12:14:34,1775218474,R_75,34277.4179,-1,1.9934999999968568,BACKFILL_AUTO
2026-04-03 12:14:36,1775218476,R_75,34268.2334,-1,9.184500000003027,BACKFILL_AUTO
2026-04-03 12:14:38,1775218478,R_75,34272.7689,1,4.535500000005413,BACKFILL_AUTO
2026-04-03 12:14:40,1775218480,R_75,34283.7459,1,10.976999999998952,BACKFILL_AUTO
2026-04-03 12:14:42,1775218482,R_75,34290.5202,1,6.774299999997311,BACKFILL_AUTO
2026-04-03 12:14:44,1775218484,R_75,34295.6832,1,5.163000000000466,BACKFILL_AUTO
2026-04-03 12:14:46,1775218486,R_75,34304.242,1,8.558799999998882,BACKFILL_AUTO
2026-04-03 12:14:48,1775218488,R_75,34300.0669,-1,4.175100000000384,BACKFILL_AUTO
2026-04-03 12:14:50,1775218490,R_75,34305.1601,1,5.09320000000298,BACKFILL_AUTO
2026-04-03 12:14:52,1775218492,R_75,34306.3735,1,1.2134000000005472,BACKFILL_AUTO
2026-04-03 12:14:54,1775218494,R_75,34306.7201,1,0.34659999999712454,BACKFILL_AUTO
2026-04-03 12:14:56,1775218496,R_75,34305.9992,-1,0.7209000000002561,BACKFILL_AUTO
2026-04-03 12:14:58,1775218498,R_75,34299.2611,-1,6.738099999995029,BACKFILL_AUTO
2026-04-03 12:15:00,1775218500,R_75,34304.5552,1,5.294099999999162,BACKFILL_AUTO
2026-04-03 12:15:02,1775218502,R_75,34308.7595,1,4.204299999997602,BACKFILL_AUTO
2026-04-03 12:15:04,1775218504,R_75,34306.3841,-1,2.375399999997171,BACKFILL_AUTO
2026-04-03 12:15:06,1775218506,R_75,34299.4537,-1,6.930400000004738,BACKFILL_AUTO
2026-04-03 12:15:08,1775218508,R_75,34308.3869,1,8.933199999999488,BACKFILL_AUTO
2026-04-03 12:15:10,1775218510,R_75,34312.7014,1,4.3145000000004075,BACKFILL_AUTO
2026-04-03 12:15:12,1775218512,R_75,34308.2121,-1,4.489300000001094,BACKFILL_AUTO
2026-04-03 12:15:14,1775218514,R_75,34308.6932,1,0.4811000000045169,BACKFILL_AUTO
2026-04-03 12:15:16,1775218516,R_75,34291.5005,-1,17.192699999999604,BACKFILL_AUTO
2026-04-03 12:15:18,1775218518,R_75,34295.8302,1,4.329699999994773,BACKFILL_AUTO
2026-04-03 12:15:20,1775218520,R_75,34290.5722,-1,5.257999999994354,BACKFILL_AUTO
2026-04-03 12:15:22,1775218522,R_75,34283.8444,-1,6.72780000000057,BACKFILL_AUTO
2026-04-03 12:15:24,1775218524,R_75,34286.243,1,2.3986000000004424,BACKFILL_AUTO
2026-04-03 12:15:26,1775218526,R_75,34280.7589,-1,5.48410000000149,BACKFILL_AUTO
2026-04-03 12:15:28,1775218528,R_75,34291.2581,1,10.499199999998382,BACKFILL_AUTO
2026-04-03 12:15:30,1775218530,R_75,34297.602,1,6.343899999999849,BACKFILL_AUTO
2026-04-03 12:15:32,1775218532,R_75,34300.2003,1,2.5982999999978347,BACKFILL_AUTO
2026-04-03 12:15:34,1775218534,R_75,34300.7181,1,0.5178000000014435,BACKFILL_AUTO
2026-04-03 12:15:36,1775218536,R_75,34288.1872,-1,12.530899999997928,BACKFILL_AUTO
2026-04-03 12:15:38,1775218538,R_75,34303.5968,1,15.409599999999045,BACKFILL_AUTO
2026-04-03 12:15:40,1775218540,R_75,34307.6407,1,4.043900000004214,BACKFILL_AUTO
2026-04-03 12:15:42,1775218542,R_75,34301.1899,-1,6.450800000005984,BACKFILL_AUTO
2026-04-03 12:15:44,1775218544,R_75,34292.128,-1,9.061900000000605,BACKFILL_AUTO
2026-04-03 12:15:46,1775218546,R_75,34292.162,1,0.033999999999650754,BACKFILL_AUTO
2026-04-03 12:15:48,1775218548,R_75,34286.7072,-1,5.454799999999523,BACKFILL_AUTO
2026-04-03 12:15:50,1775218550,R_75,34289.7422,1,3.0350000000034925,BACKFILL_AUTO
2026-04-03 12:15:52,1775218552,R_75,34293.9106,1,4.168400000002293,BACKFILL_AUTO
2026-04-03 12:15:54,1775218554,R_75,34298.3403,1,4.429700000000594,BACKFILL_AUTO
2026-04-03 12:15:56,1775218556,R_75,34303.9,1,5.559699999997974,BACKFILL_AUTO
2026-04-03 12:15:58,1775218558,R_75,34306.4416,1,2.5415999999968335,BACKFILL_AUTO
2026-04-03 12:16:00,1775218560,R_75,34297.753,-1,8.688600000001315,BACKFILL_AUTO
2026-04-03 12:16:02,1775218562,R_75,34300.0039,1,2.250900000006368,BACKFILL_AUTO
2026-04-03 12:16:04,1775218564,R_75,34300.7245,1,0.7205999999932828,BACKFILL_AUTO
2026-04-03 12:16:06,1775218566,R_75,34305.9934,1,5.268900000002759,BACKFILL_AUTO
2026-04-03 12:16:08,1775218568,R_75,34307.0154,1,1.021999999997206,BACKFILL_AUTO
2026-04-03 12:16:10,1775218570,R_75,34312.7977,1,5.782300000006217,BACKFILL_AUTO
2026-04-03 12:16:12,1775218572,R_75,34324.6637,1,11.865999999994528,BACKFILL_AUTO
2026-04-03 12:16:14,1775218574,R_75,34329.2012,1,4.537500000005821,BACKFILL_AUTO
2026-04-03 12:16:16,1775218576,R_75,34333.753,1,4.551799999993818,BACKFILL_AUTO
2026-04-03 12:16:18,1775218578,R_75,34325.8121,-1,7.940899999994144,BACKFILL_AUTO
2026-04-03 12:16:20,1775218580,R_75,34316.5545,-1,9.257600000004459,BACKFILL_AUTO
2026-04-03 12:16:22,1775218582,R_75,34317.9485,1,1.3940000000002328,BACKFILL_AUTO
2026-04-03 12:16:24,1775218584,R_75,34306.5803,-1,11.36819999999716,BACKFILL_AUTO
2026-04-03 12:16:26,1775218586,R_75,34305.3445,-1,1.2358000000022002,BACKFILL_AUTO
2026-04-03 12:16:28,1775218588,R_75,34295.7953,-1,9.549200000001292,BACKFILL_AUTO
2026-04-03 12:16:30,1775218590,R_75,34300.1442,1,4.348900000004505,BACKFILL_AUTO
2026-04-03 12:16:32,1775218592,R_75,34283.7178,-1,16.426400000003923,BACKFILL_AUTO
2026-04-03 12:16:34,1775218594,R_75,34279.229,-1,4.4887999999991735,BACKFILL_AUTO
2026-04-03 12:16:36,1775218596,R_75,34285.6315,1,6.4025000000037835,BACKFILL_AUTO
2026-04-03 12:16:38,1775218598,R_75,34284.8342,-1,0.7973000000056345,BACKFILL_AUTO
2026-04-03 12:16:40,1775218600,R_75,34279.3062,-1,5.527999999998428,BACKFILL_AUTO
2026-04-03 12:16:42,1775218602,R_75,34279.975,1,0.6687999999994645,BACKFILL_AUTO
2026-04-03 12:16:44,1775218604,R_75,34283.2472,1,3.2721999999994296,BACKFILL_AUTO
2026-04-03 12:16:46,1775218606,R_75,34285.3971,1,2.1499000000039814,BACKFILL_AUTO
2026-04-03 12:16:48,1775218608,R_75,34282.7535,-1,2.6436000000030617,BACKFILL_AUTO
2026-04-03 12:16:50,1775218610,R_75,34283.3949,1,0.6414000000004307,BACKFILL_AUTO
2026-04-03 12:16:52,1775218612,R_75,34284.2134,1,0.8185000000012224,BACKFILL_AUTO
2026-04-03 12:16:54,1775218614,R_75,34270.1732,-1,14.040200000003097,BACKFILL_AUTO
2026-04-03 12:16:56,1775218616,R_75,34269.7344,-1,0.43879999999626307,BACKFILL_AUTO
2026-04-03 12:16:58,1775218618,R_75,34263.9133,-1,5.8211000000010245,BACKFILL_AUTO
2026-04-03 12:17:00,1775218620,R_75,34272.7088,1,8.795500000000175,BACKFILL_AUTO
2026-04-03 12:17:02,1775218622,R_75,34270.0248,-1,2.684000000001106,BACKFILL_AUTO
2026-04-03 12:17:04,1775218624,R_75,34275.4619,1,5.437100000002829,BACKFILL_AUTO
2026-04-03 12:17:06,1775218626,R_75,34276.4703,1,1.008399999998801,BACKFILL_AUTO
2026-04-03 12:17:08,1775218628,R_75,34281.94,1,5.469700000001467,BACKFILL_AUTO
2026-04-03 12:17:10,1775218630,R_75,34292.8094,1,10.869399999995949,BACKFILL_AUTO
2026-04-03 12:17:12,1775218632,R_75,34292.592,-1,0.21740000000136206,BACKFILL_AUTO
2026-04-03 12:17:14,1775218634,R_75,34295.8492,1,3.2572000000000116,BACKFILL_AUTO
2026-04-03 12:17:16,1775218636,R_75,34290.4252,-1,5.423999999999069,BACKFILL_AUTO
2026-04-03 12:17:18,1775218638,R_75,34287.8283,-1,2.596899999996822,BACKFILL_AUTO
2026-04-03 12:17:20,1775218640,R_75,34284.7981,-1,3.0302000000010594,BACKFILL_AUTO
2026-04-03 12:17:22,1775218642,R_75,34288.1422,1,3.344100000002072,BACKFILL_AUTO
2026-04-03 12:17:24,1775218644,R_75,34283.4322,-1,4.709999999999127,BACKFILL_AUTO
2026-04-03 12:17:26,1775218646,R_75,34279.6072,-1,3.8250000000043656,BACKFILL_AUTO
2026-04-03 12:17:28,1775218648,R_75,34277.0217,-1,2.5855000000010477,BACKFILL_AUTO
2026-04-03 12:17:30,1775218650,R_75,34282.2345,1,5.2128000000011525,BACKFILL_AUTO
2026-04-03 12:17:32,1775218652,R_75,34273.5909,-1,8.643599999995786,BACKFILL_AUTO
2026-04-03 12:17:34,1775218654,R_75,34262.9374,-1,10.65350000000035,BACKFILL_AUTO
2026-04-03 12:17:36,1775218656,R_75,34275.2508,1,12.313399999999092,BACKFILL_AUTO
2026-04-03 12:17:38,1775218658,R_75,34275.2658,1,0.014999999999417923,BACKFILL_AUTO
2026-04-03 12:17:40,1775218660,R_75,34271.4189,-1,3.846900000004098,BACKFILL_AUTO
2026-04-03 12:17:42,1775218662,R_75,34272.3263,1,0.9074000000036904,BACKFILL_AUTO
2026-04-03 12:17:44,1775218664,R_75,34268.0227,-1,4.303599999999278,BACKFILL_AUTO
2026-04-03 12:17:46,1775218666,R_75,34273.3764,1,5.353699999999662,BACKFILL_AUTO
2026-04-03 12:17:48,1775218668,R_75,34272.6612,-1,0.7151999999987311,BACKFILL_AUTO
2026-04-03 12:17:50,1775218670,R_75,34265.26,-1,7.4012000000002445,BACKFILL_AUTO
2026-04-03 12:17:52,1775218672,R_75,34262.554,-1,2.706000000005588,BACKFILL_AUTO
2026-04-03 12:17:54,1775218674,R_75,34265.4996,1,2.9456000000063796,BACKFILL_AUTO
2026-04-03 12:17:56,1775218676,R_75,34261.2646,-1,4.235000000000582,BACKFILL_AUTO
2026-04-03 12:17:58,1775218678,R_75,34260.3357,-1,0.9288999999989755,BACKFILL_AUTO
2026-04-03 12:18:00,1775218680,R_75,34250.7077,-1,9.62800000000425,BACKFILL_AUTO
2026-04-03 12:18:02,1775218682,R_75,34245.1826,-1,5.525099999998929,BACKFILL_AUTO
2026-04-03 12:18:04,1775218684,R_75,34246.9428,1,1.7601999999969848,BACKFILL_AUTO
2026-04-03 12:18:06,1775218686,R_75,34249.9462,1,3.0034000000014203,BACKFILL_AUTO
2026-04-03 12:18:08,1775218688,R_75,34240.7237,-1,9.222499999996217,BACKFILL_AUTO
2026-04-03 12:18:10,1775218690,R_75,34228.4102,-1,12.313500000003842,BACKFILL_AUTO
2026-04-03 12:18:12,1775218692,R_75,34225.3251,-1,3.0850999999966007,BACKFILL_AUTO
2026-04-03 12:18:14,1775218694,R_75,34228.6555,1,3.3303999999989173,BACKFILL_AUTO
2026-04-03 12:18:16,1775218696,R_75,34237.067,1,8.411500000001979,BACKFILL_AUTO
2026-04-03 12:18:18,1775218698,R_75,34225.7518,-1,11.315200000004552,BACKFILL_AUTO
2026-04-03 12:18:20,1775218700,R_75,34226.1678,1,0.4160000000047148,BACKFILL_AUTO
2026-04-03 12:18:22,1775218702,R_75,34230.3028,1,4.134999999994761,BACKFILL_AUTO
2026-04-03 12:18:24,1775218704,R_75,34240.6191,1,10.316300000005867,BACKFILL_AUTO
2026-04-03 12:18:26,1775218706,R_75,34240.799,1,0.1798999999955413,BACKFILL_AUTO
2026-04-03 12:18:28,1775218708,R_75,34243.1754,1,2.376400000001013,BACKFILL_AUTO
2026-04-03 12:18:30,1775218710,R_75,34235.1402,-1,8.03519999999844,BACKFILL_AUTO
2026-04-03 12:18:32,1775218712,R_75,34240.76,1,5.619800000000396,BACKFILL_AUTO
2026-04-03 12:18:34,1775218714,R_75,34247.1848,1,6.424800000000687,BACKFILL_AUTO
2026-04-03 12:18:36,1775218716,R_75,34247.8272,1,0.6423999999969965,BACKFILL_AUTO
2026-04-03 12:18:38,1775218718,R_75,34246.9808,-1,0.846400000002177,BACKFILL_AUTO
2026-04-03 12:18:40,1775218720,R_75,34248.2283,1,1.2475000000049477,BACKFILL_AUTO
2026-04-03 12:18:42,1775218722,R_75,34244.3987,-1,3.829600000004575,BACKFILL_AUTO
2026-04-03 12:18:44,1775218724,R_75,34243.4397,-1,0.9589999999952852,BACKFILL_AUTO
2026-04-03 12:18:46,1775218726,R_75,34247.7833,1,4.343600000000151,BACKFILL_AUTO
2026-04-03 12:18:48,1775218728,R_75,34241.9889,-1,5.794400000006135,BACKFILL_AUTO
2026-04-03 12:18:50,1775218730,R_75,34234.7005,-1,7.288399999997637,BACKFILL_AUTO
2026-04-03 12:18:52,1775218732,R_75,34238.4901,1,3.789600000003702,BACKFILL_AUTO
2026-04-03 12:18:54,1775218734,R_75,34235.7966,-1,2.6935000000012224,BACKFILL_AUTO
2026-04-03 12:18:56,1775218736,R_75,34228.0181,-1,7.778500000000349,BACKFILL_AUTO
2026-04-03 12:18:58,1775218738,R_75,34227.6895,-1,0.3286000000007334,BACKFILL_AUTO
2026-04-03 12:19:00,1775218740,R_75,34241.5623,1,13.872799999997369,BACKFILL_AUTO
2026-04-03 12:19:02,1775218742,R_75,34235.6997,-1,5.862600000000384,BACKFILL_AUTO
2026-04-03 12:19:04,1775218744,R_75,34243.597,1,7.897300000004179,BACKFILL_AUTO
2026-04-03 12:19:06,1775218746,R_75,34246.3541,1,2.757099999995262,BACKFILL_AUTO
2026-04-03 12:19:08,1775218748,R_75,34253.4511,1,7.097000000001572,BACKFILL_AUTO
2026-04-03 12:19:10,1775218750,R_75,34254.0869,1,0.6358000000036554,BACKFILL_AUTO
2026-04-03 12:19:12,1775218752,R_75,34246.6264,-1,7.460500000001048,BACKFILL_AUTO
2026-04-03 12:19:14,1775218754,R_75,34245.1358,-1,1.4906000000046333,BACKFILL_AUTO
2026-04-03 12:19:16,1775218756,R_75,34242.9827,-1,2.153099999995902,BACKFILL_AUTO
2026-04-03 12:19:18,1775218758,R_75,34242.2411,-1,0.7416000000011991,BACKFILL_AUTO
2026-04-03 12:19:20,1775218760,R_75,34243.6695,1,1.4284000000043306,BACKFILL_AUTO
2026-04-03 12:19:22,1775218762,R_75,34249.4928,1,5.8232999999963795,BACKFILL_AUTO
2026-04-03 12:19:24,1775218764,R_75,34239.5501,-1,9.942699999999604,BACKFILL_AUTO
2026-04-03 12:19:26,1775218766,R_75,34239.7535,1,0.20339999999850988,BACKFILL_AUTO
2026-04-03 12:19:28,1775218768,R_75,34237.6674,-1,2.0861000000004424,BACKFILL_AUTO
2026-04-03 12:19:30,1775218770,R_75,34243.3924,1,5.724999999998545,BACKFILL_AUTO
2026-04-03 12:19:32,1775218772,R_75,34256.3729,1,12.980500000005122,BACKFILL_AUTO
2026-04-03 12:19:34,1775218774,R_75,34260.0292,1,3.656299999995099,BACKFILL_AUTO
2026-04-03 12:19:36,1775218776,R_75,34270.5928,1,10.563600000001315,BACKFILL_AUTO
2026-04-03 12:19:38,1775218778,R_75,34265.7695,-1,4.8232999999963795,BACKFILL_AUTO
2026-04-03 12:19:40,1775218780,R_75,34261.9456,-1,3.82390000000305,BACKFILL_AUTO
2026-04-03 12:19:42,1775218782,R_75,34249.6218,-1,12.3237999999983,BACKFILL_AUTO
2026-04-03 12:19:44,1775218784,R_75,34258.2081,1,8.586300000002666,BACKFILL_AUTO
2026-04-03 12:19:46,1775218786,R_75,34246.8577,-1,11.350400000002992,BACKFILL_AUTO
2026-04-03 12:19:48,1775218788,R_75,34256.7746,1,9.91689999999653,BACKFILL_AUTO
2026-04-03 12:19:50,1775218790,R_75,34258.5711,1,1.7965000000040163,BACKFILL_AUTO
2026-04-03 12:19:52,1775218792,R_75,34253.2113,-1,5.3597999999983585,BACKFILL_AUTO
2026-04-03 12:19:54,1775218794,R_75,34261.0147,1,7.803399999997055,BACKFILL_AUTO
2026-04-03 12:19:56,1775218796,R_75,34268.6163,1,7.601600000001781,BACKFILL_AUTO
2026-04-03 12:19:58,1775218798,R_75,34271.9674,1,3.3510999999998603,BACKFILL_AUTO
2026-04-03 12:20:00,1775218800,R_75,34263.0299,-1,8.9375,BACKFILL_AUTO
2026-04-03 12:20:02,1775218802,R_75,34263.048,1,0.01810000000114087,BACKFILL_AUTO
2026-04-03 12:20:04,1775218804,R_75,34280.5861,1,17.53809999999794,BACKFILL_AUTO
2026-04-03 12:20:06,1775218806,R_75,34272.4175,-1,8.168599999997241,BACKFILL_AUTO
2026-04-03 12:20:08,1775218808,R_75,34267.9217,-1,4.4958000000042375,BACKFILL_AUTO
2026-04-03 12:20:10,1775218810,R_75,34269.57,1,1.648300000000745,BACKFILL_AUTO
2026-04-03 12:20:12,1775218812,R_75,34276.022,1,6.451999999997497,BACKFILL_AUTO
2026-04-03 12:20:14,1775218814,R_75,34281.7768,1,5.754800000002433,BACKFILL_AUTO
2026-04-03 12:20:16,1775218816,R_75,34271.4231,-1,10.353699999999662,BACKFILL_AUTO
2026-04-03 12:20:18,1775218818,R_75,34250.2571,-1,21.16599999999744,BACKFILL_AUTO
2026-04-03 12:20:20,1775218820,R_75,34240.9372,-1,9.319900000002235,BACKFILL_AUTO
2026-04-03 12:20:22,1775218822,R_75,34236.9989,-1,3.938300000001618,BACKFILL_AUTO
2026-04-03 12:20:24,1775218824,R_75,34234.9722,-1,2.0267000000021653,BACKFILL_AUTO
2026-04-03 12:20:26,1775218826,R_75,34228.2962,-1,6.675999999999476,BACKFILL_AUTO
2026-04-03 12:20:28,1775218828,R_75,34236.5158,1,8.219600000003993,BACKFILL_AUTO
2026-04-03 12:20:30,1775218830,R_75,34244.1241,1,7.608299999999872,BACKFILL_AUTO
2026-04-03 12:20:32,1775218832,R_75,34240.1418,-1,3.982300000003306,BACKFILL_AUTO
2026-04-03 12:20:34,1775218834,R_75,34247.2499,1,7.108100000004924,BACKFILL_AUTO
2026-04-03 12:20:36,1775218836,R_75,34242.915,-1,4.334900000001653,BACKFILL_AUTO
2026-04-03 12:20:38,1775218838,R_75,34245.1477,1,2.2327000000004773,BACKFILL_AUTO
2026-04-03 12:20:40,1775218840,R_75,34242.9844,-1,2.163300000000163,BACKFILL_AUTO
2026-04-03 12:20:42,1775218842,R_75,34248.0411,1,5.056700000001001,BACKFILL_AUTO
2026-04-03 12:20:44,1775218844,R_75,34243.2257,-1,4.815399999999499,BACKFILL_AUTO
2026-04-03 12:20:46,1775218846,R_75,34249.2606,1,6.034899999998743,BACKFILL_AUTO
2026-04-03 12:20:48,1775218848,R_75,34248.7068,-1,0.5538000000015018,BACKFILL_AUTO
2026-04-03 12:20:50,1775218850,R_75,34236.5468,-1,12.160000000003492,BACKFILL_AUTO
2026-04-03 12:20:52,1775218852,R_75,34243.4869,1,6.940100000007078,BACKFILL_AUTO
2026-04-03 12:20:54,1775218854,R_75,34242.1891,-1,1.2978000000002794,BACKFILL_AUTO
2026-04-03 12:20:56,1775218856,R_75,34237.7886,-1,4.400500000003376,BACKFILL_AUTO
2026-04-03 12:20:58,1775218858,R_75,34243.2984,1,5.509799999999814,BACKFILL_AUTO
2026-04-03 12:21:00,1775218860,R_75,34241.5181,-1,1.7802999999985332,BACKFILL_AUTO
2026-04-03 12:21:02,1775218862,R_75,34236.0285,-1,5.489600000000792,BACKFILL_AUTO
2026-04-03 12:21:04,1775218864,R_75,34237.8151,1,1.7865999999994528,BACKFILL_AUTO
2026-04-03 12:21:06,1775218866,R_75,34251.7468,1,13.931700000001001,BACKFILL_AUTO
2026-04-03 12:21:08,1775218868,R_75,34256.9633,1,5.21650000000227,BACKFILL_AUTO
2026-04-03 12:21:10,1775218870,R_75,34249.8621,-1,7.10120000000461,BACKFILL_AUTO
2026-04-03 12:21:12,1775218872,R_75,34250.2455,1,0.3833999999988009,BACKFILL_AUTO
2026-04-03 12:21:14,1775218874,R_75,34253.824,1,3.5785000000032596,BACKFILL_AUTO
2026-04-03 12:21:16,1775218876,R_75,34246.0703,-1,7.753700000001118,BACKFILL_AUTO
2026-04-03 12:21:18,1775218878,R_75,34246.2845,1,0.21420000000216532,BACKFILL_AUTO
2026-04-03 12:21:20,1775218880,R_75,34246.5874,1,0.30289999999513384,BACKFILL_AUTO
2026-04-03 12:21:22,1775218882,R_75,34244.0598,-1,2.5275999999939813,BACKFILL_AUTO
2026-04-03 12:21:24,1775218884,R_75,34233.4559,-1,10.603900000001886,BACKFILL_AUTO
2026-04-03 12:21:26,1775218886,R_75,34241.355,1,7.899100000002363,BACKFILL_AUTO
2026-04-03 12:21:28,1775218888,R_75,34244.1565,1,2.801499999994121,BACKFILL_AUTO
2026-04-03 12:21:30,1775218890,R_75,34256.5374,1,12.380900000003749,BACKFILL_AUTO
2026-04-03 12:21:32,1775218892,R_75,34250.0473,-1,6.4901000000027125,BACKFILL_AUTO
2026-04-03 12:21:34,1775218894,R_75,34256.2936,1,6.246299999998882,BACKFILL_AUTO
2026-04-03 12:21:36,1775218896,R_75,34263.1533,1,6.859700000000885,BACKFILL_AUTO
2026-04-03 12:21:38,1775218898,R_75,34266.6979,1,3.5446000000010827,BACKFILL_AUTO
2026-04-03 12:21:40,1775218900,R_75,34264.6558,-1,2.0420999999987544,BACKFILL_AUTO
2026-04-03 12:21:42,1775218902,R_75,34255.4957,-1,9.160100000000966,BACKFILL_AUTO
2026-04-03 12:21:44,1775218904,R_75,34268.7532,1,13.257499999999709,BACKFILL_AUTO
2026-04-03 12:21:46,1775218906,R_75,34254.3552,-1,14.398000000001048,BACKFILL_AUTO
2026-04-03 12:21:48,1775218908,R_75,34246.5355,-1,7.819700000000012,BACKFILL_AUTO
2026-04-03 12:21:50,1775218910,R_75,34247.9682,1,1.4327000000048429,BACKFILL_AUTO
2026-04-03 12:21:52,1775218912,R_75,34258.7832,1,10.814999999995052,BACKFILL_AUTO
2026-04-03 12:21:54,1775218914,R_75,34260.7808,1,1.9976000000024214,BACKFILL_AUTO
2026-04-03 12:21:56,1775218916,R_75,34265.1921,1,4.4112999999997555,BACKFILL_AUTO
2026-04-03 12:21:58,1775218918,R_75,34264.1736,-1,1.018499999998312,BACKFILL_AUTO
2026-04-03 12:22:00,1775218920,R_75,34275.3479,1,11.174299999998766,BACKFILL_AUTO
2026-04-03 12:22:02,1775218922,R_75,34276.2118,1,0.8638999999966472,BACKFILL_AUTO
2026-04-03 12:22:04,1775218924,R_75,34272.2877,-1,3.9240999999965425,BACKFILL_AUTO
2026-04-03 12:22:06,1775218926,R_75,34273.7198,1,1.4320999999981723,BACKFILL_AUTO
2026-04-03 12:22:08,1775218928,R_75,34276.7231,1,3.0033000000039465,BACKFILL_AUTO
2026-04-03 12:22:10,1775218930,R_75,34281.2872,1,4.56409999999596,BACKFILL_AUTO
2026-04-03 12:22:12,1775218932,R_75,34284.0845,1,2.7972999999983585,BACKFILL_AUTO
2026-04-03 12:22:14,1775218934,R_75,34285.9198,1,1.8353000000061002,BACKFILL_AUTO
2026-04-03 12:22:16,1775218936,R_75,34291.4966,1,5.5767999999952735,BACKFILL_AUTO
2026-04-03 12:22:18,1775218938,R_75,34306.8311,1,15.334500000004482,BACKFILL_AUTO
2026-04-03 12:22:20,1775218940,R_75,34308.1596,1,1.3284999999959837,BACKFILL_AUTO
2026-04-03 12:22:22,1775218942,R_75,34310.0943,1,1.9346999999979744,BACKFILL_AUTO
2026-04-03 12:22:24,1775218944,R_75,34305.3919,-1,4.702399999994668,BACKFILL_AUTO
2026-04-03 12:22:26,1775218946,R_75,34318.4326,1,13.040699999997742,BACKFILL_AUTO
2026-04-03 12:22:28,1775218948,R_75,34307.4137,-1,11.018900000002759,BACKFILL_AUTO
2026-04-03 12:22:30,1775218950,R_75,34304.0076,-1,3.4061000000001513,BACKFILL_AUTO
2026-04-03 12:22:32,1775218952,R_75,34303.4346,-1,0.5729999999966822,BACKFILL_AUTO
2026-04-03 12:22:34,1775218954,R_75,34306.4343,1,2.9997000000003027,BACKFILL_AUTO
2026-04-03 12:22:36,1775218956,R_75,34299.777,-1,6.657299999998941,BACKFILL_AUTO
2026-04-03 12:22:38,1775218958,R_75,34298.3744,-1,1.4026000000012573,BACKFILL_AUTO
2026-04-03 12:22:40,1775218960,R_75,34296.2109,-1,2.1635000000023865,BACKFILL_AUTO
2026-04-03 12:22:42,1775218962,R_75,34292.0297,-1,4.18119999999908,BACKFILL_AUTO
2026-04-03 12:22:44,1775218964,R_75,34287.5351,-1,4.494599999998172,BACKFILL_AUTO
2026-04-03 12:22:46,1775218966,R_75,34289.2462,1,1.7111000000004424,BACKFILL_AUTO
2026-04-03 12:22:48,1775218968,R_75,34289.967,1,0.7207999999955064,BACKFILL_AUTO
2026-04-03 12:22:50,1775218970,R_75,34286.6862,-1,3.280800000000454,BACKFILL_AUTO
2026-04-03 12:22:52,1775218972,R_75,34283.5662,-1,3.1199999999953434,BACKFILL_AUTO
2026-04-03 12:22:54,1775218974,R_75,34272.7751,-1,10.791100000002189,BACKFILL_AUTO
2026-04-03 12:22:56,1775218976,R_75,34285.2831,1,12.50800000000163,BACKFILL_AUTO
2026-04-03 12:22:58,1775218978,R_75,34295.0158,1,9.732700000000477,BACKFILL_AUTO
2026-04-03 12:23:00,1775218980,R_75,34289.4938,-1,5.522000000004482,BACKFILL_AUTO
2026-04-03 12:23:02,1775218982,R_75,34293.4558,1,3.9620000000068103,BACKFILL_AUTO
2026-04-03 12:23:04,1775218984,R_75,34309.078,1,15.622199999997974,BACKFILL_AUTO
2026-04-03 12:23:06,1775218986,R_75,34304.0725,-1,5.0054999999993015,BACKFILL_AUTO
2026-04-03 12:23:08,1775218988,R_75,34291.4277,-1,12.644800000001851,BACKFILL_AUTO
2026-04-03 12:23:10,1775218990,R_75,34296.751,1,5.3232999999963795,BACKFILL_AUTO
2026-04-03 12:23:12,1775218992,R_75,34297.0077,1,0.25670000000536675,BACKFILL_AUTO
2026-04-03 12:23:14,1775218994,R_75,34294.5812,-1,2.426500000001397,BACKFILL_AUTO
2026-04-03 12:23:16,1775218996,R_75,34291.1268,-1,3.4544000000023516,BACKFILL_AUTO
2026-04-03 12:23:18,1775218998,R_75,34304.6069,1,13.480100000000675,BACKFILL_AUTO
2026-04-03 12:23:20,1775219000,R_75,34303.5013,-1,1.10559999999532,BACKFILL_AUTO
2026-04-03 12:23:22,1775219002,R_75,34292.874,-1,10.627300000000105,BACKFILL_AUTO
2026-04-03 12:23:24,1775219004,R_75,34297.3859,1,4.511899999997695,BACKFILL_AUTO
2026-04-03 12:23:26,1775219006,R_75,34291.9848,-1,5.401100000002771,BACKFILL_AUTO
2026-04-03 12:23:28,1775219008,R_75,34298.1101,1,6.125299999999697,BACKFILL_AUTO
2026-04-03 12:23:30,1775219010,R_75,34298.8414,1,0.7312999999994645,BACKFILL_AUTO
2026-04-03 12:23:32,1775219012,R_75,34288.9203,-1,9.92109999999957,BACKFILL_AUTO
2026-04-03 12:23:34,1775219014,R_75,34279.0387,-1,9.881600000000617,BACKFILL_AUTO
2026-04-03 12:23:36,1775219016,R_75,34278.4107,-1,0.6279999999969732,BACKFILL_AUTO
2026-04-03 12:23:38,1775219018,R_75,34274.3464,-1,4.064299999998184,BACKFILL_AUTO
2026-04-03 12:23:40,1775219020,R_75,34274.3257,-1,0.020700000000942964,BACKFILL_AUTO
2026-04-03 12:23:42,1775219022,R_75,34280.3358,1,6.010099999999511,BACKFILL_AUTO
2026-04-03 12:23:44,1775219024,R_75,34282.7248,1,2.389000000002852,BACKFILL_AUTO
2026-04-03 12:23:46,1775219026,R_75,34271.0932,-1,11.631600000000617,BACKFILL_AUTO
2026-04-03 12:23:48,1775219028,R_75,34258.4703,-1,12.622900000002119,BACKFILL_AUTO
2026-04-03 12:23:50,1775219030,R_75,34263.7482,1,5.277900000000955,BACKFILL_AUTO
2026-04-03 12:23:52,1775219032,R_75,34265.627,1,1.8787999999985914,BACKFILL_AUTO
2026-04-03 12:23:54,1775219034,R_75,34277.2784,1,11.651400000002468,BACKFILL_AUTO
2026-04-03 12:23:56,1775219036,R_75,34279.4115,1,2.1330999999991036,BACKFILL_AUTO
2026-04-03 12:23:58,1775219038,R_75,34287.8292,1,8.417699999998149,BACKFILL_AUTO
2026-04-03 12:24:00,1775219040,R_75,34285.7327,-1,2.0964999999996508,BACKFILL_AUTO
2026-04-03 12:24:02,1775219042,R_75,34288.1948,1,2.462099999997008,BACKFILL_AUTO
2026-04-03 12:24:04,1775219044,R_75,34287.2525,-1,0.9422999999951571,BACKFILL_AUTO
2026-04-03 12:24:06,1775219046,R_75,34291.2795,1,4.026999999994587,BACKFILL_AUTO
2026-04-03 12:24:08,1775219048,R_75,34284.3208,-1,6.958699999995588,BACKFILL_AUTO
2026-04-03 12:24:10,1775219050,R_75,34285.7314,1,1.4105999999956111,BACKFILL_AUTO
2026-04-03 12:24:12,1775219052,R_75,34293.0581,1,7.326700000005076,BACKFILL_AUTO
2026-04-03 12:24:14,1775219054,R_75,34293.733,1,0.6748999999981606,BACKFILL_AUTO
2026-04-03 12:24:16,1775219056,R_75,34281.6629,-1,12.070099999997183,BACKFILL_AUTO
2026-04-03 12:24:18,1775219058,R_75,34273.3091,-1,8.353800000004412,BACKFILL_AUTO
2026-04-03 12:24:20,1775219060,R_75,34272.4527,-1,0.8563999999969383,BACKFILL_AUTO
2026-04-03 12:24:22,1775219062,R_75,34271.9041,-1,0.5486000000018976,BACKFILL_AUTO
2026-04-03 12:24:24,1775219064,R_75,34271.4891,-1,0.4150000000008731,BACKFILL_AUTO
2026-04-03 12:24:26,1775219066,R_75,34263.0541,-1,8.434999999997672,BACKFILL_AUTO
2026-04-03 12:24:28,1775219068,R_75,34265.0466,1,1.992500000000291,BACKFILL_AUTO
2026-04-03 12:24:30,1775219070,R_75,34264.9149,-1,0.1316999999980908,BACKFILL_AUTO
2026-04-03 12:24:32,1775219072,R_75,34253.6621,-1,11.252800000002026,BACKFILL_AUTO
2026-04-03 12:24:34,1775219074,R_75,34257.8258,1,4.163699999997334,BACKFILL_AUTO
2026-04-03 12:24:36,1775219076,R_75,34261.2128,1,3.3870000000024447,BACKFILL_AUTO
2026-04-03 12:24:38,1775219078,R_75,34262.7103,1,1.4974999999976717,BACKFILL_AUTO
2026-04-03 12:24:40,1775219080,R_75,34249.846,-1,12.864300000001094,BACKFILL_AUTO
2026-04-03 12:24:42,1775219082,R_75,34236.9981,-1,12.847900000000664,BACKFILL_AUTO
2026-04-03 12:24:44,1775219084,R_75,34237.4125,1,0.4144000000014785,BACKFILL_AUTO
2026-04-03 12:24:46,1775219086,R_75,34229.6009,-1,7.811600000000908,BACKFILL_AUTO
2026-04-03 12:24:48,1775219088,R_75,34231.0533,1,1.4524000000019441,BACKFILL_AUTO
2026-04-03 12:24:50,1775219090,R_75,34237.9442,1,6.89089999999851,BACKFILL_AUTO
2026-04-03 12:24:52,1775219092,R_75,34230.7495,-1,7.194700000000012,BACKFILL_AUTO
2026-04-03 12:24:54,1775219094,R_75,34227.7573,-1,2.9922000000005937,BACKFILL_AUTO
2026-04-03 12:24:56,1775219096,R_75,34228.0839,1,0.32660000000032596,BACKFILL_AUTO
2026-04-03 12:24:58,1775219098,R_75,34226.7543,-1,1.3295999999972992,BACKFILL_AUTO
2026-04-03 12:25:00,1775219100,R_75,34226.4581,-1,0.29619999999704305,BACKFILL_AUTO
2026-04-03 12:25:02,1775219102,R_75,34232.8336,1,6.375499999994645,BACKFILL_AUTO
2026-04-03 12:25:04,1775219104,R_75,34235.9763,1,3.1427000000039698,BACKFILL_AUTO
2026-04-03 12:25:06,1775219106,R_75,34238.7883,1,2.811999999998079,BACKFILL_AUTO
2026-04-03 12:25:08,1775219108,R_75,34238.7719,-1,0.016400000000430737,BACKFILL_AUTO
2026-04-03 12:25:10,1775219110,R_75,34238.4303,-1,0.3415999999997439,BACKFILL_AUTO
2026-04-03 12:25:12,1775219112,R_75,34237.3202,-1,1.1100999999980559,BACKFILL_AUTO
2026-04-03 12:25:14,1775219114,R_75,34241.7816,1,4.46140000000014,BACKFILL_AUTO
2026-04-03 12:25:16,1775219116,R_75,34240.9771,-1,0.8045000000056461,BACKFILL_AUTO
2026-04-03 12:25:18,1775219118,R_75,34244.5773,1,3.6002000000007683,BACKFILL_AUTO
2026-04-03 12:25:20,1775219120,R_75,34234.5612,-1,10.016100000000733,BACKFILL_AUTO
2026-04-03 12:25:22,1775219122,R_75,34241.7565,1,7.195300000006682,BACKFILL_AUTO
2026-04-03 12:25:24,1775219124,R_75,34242.7712,1,1.0146999999997206,BACKFILL_AUTO
2026-04-03 12:25:26,1775219126,R_75,34244.8234,1,2.0521999999982654,BACKFILL_AUTO
2026-04-03 12:25:28,1775219128,R_75,34241.0617,-1,3.7617000000027474,BACKFILL_AUTO
2026-04-03 12:25:30,1775219130,R_75,34237.5505,-1,3.5112000000008265,BACKFILL_AUTO
2026-04-03 12:25:32,1775219132,R_75,34241.3869,1,3.8364000000001397,BACKFILL_AUTO
2026-04-03 12:25:34,1775219134,R_75,34233.4788,-1,7.908100000000559,BACKFILL_AUTO
2026-04-03 12:25:36,1775219136,R_75,34225.4089,-1,8.06989999999496,BACKFILL_AUTO
2026-04-03 12:25:38,1775219138,R_75,34221.1681,-1,4.240799999999581,BACKFILL_AUTO
2026-04-03 12:25:40,1775219140,R_75,34226.925,1,5.756900000000314,BACKFILL_AUTO
2026-04-03 12:25:42,1775219142,R_75,34225.1242,-1,1.8008000000045286,BACKFILL_AUTO
2026-04-03 12:25:44,1775219144,R_75,34233.624,1,8.499800000005052,BACKFILL_AUTO
2026-04-03 12:25:46,1775219146,R_75,34231.6657,-1,1.9583000000056927,BACKFILL_AUTO
2026-04-03 12:25:48,1775219148,R_75,34228.7426,-1,2.9230999999999767,BACKFILL_AUTO
2026-04-03 12:25:50,1775219150,R_75,34228.4334,-1,0.3091999999960535,BACKFILL_AUTO
2026-04-03 12:25:52,1775219152,R_75,34232.6104,1,4.176999999996042,BACKFILL_AUTO
2026-04-03 12:25:54,1775219154,R_75,34231.697,-1,0.9133999999976368,BACKFILL_AUTO
2026-04-03 12:25:56,1775219156,R_75,34230.2855,-1,1.411500000001979,BACKFILL_AUTO
2026-04-03 12:25:58,1775219158,R_75,34228.8042,-1,1.4812999999994645,BACKFILL_AUTO
2026-04-03 12:26:00,1775219160,R_75,34223.1626,-1,5.641599999995378,BACKFILL_AUTO
2026-04-03 12:26:02,1775219162,R_75,34238.3199,1,15.15729999999894,BACKFILL_AUTO
2026-04-03 12:26:04,1775219164,R_75,34243.1609,1,4.841000000000349,BACKFILL_AUTO
2026-04-03 12:26:06,1775219166,R_75,34240.8674,-1,2.293499999999767,BACKFILL_AUTO
2026-04-03 12:26:08,1775219168,R_75,34256.1485,1,15.281100000000151,BACKFILL_AUTO
2026-04-03 12:26:10,1775219170,R_75,34259.1761,1,3.0275999999939813,BACKFILL_AUTO
2026-04-03 12:26:12,1775219172,R_75,34272.4864,1,13.310300000004645,BACKFILL_AUTO
2026-04-03 12:26:14,1775219174,R_75,34275.0144,1,2.5279999999984284,BACKFILL_AUTO
2026-04-03 12:26:16,1775219176,R_75,34264.5469,-1,10.467499999998836,BACKFILL_AUTO
2026-04-03 12:26:18,1775219178,R_75,34256.699,-1,7.847900000000664,BACKFILL_AUTO
2026-04-03 12:26:20,1775219180,R_75,34265.2898,1,8.590799999998126,BACKFILL_AUTO
2026-04-03 12:26:22,1775219182,R_75,34251.8789,-1,13.410899999995308,BACKFILL_AUTO
2026-04-03 12:26:24,1775219184,R_75,34265.9948,1,14.115899999997055,BACKFILL_AUTO
2026-04-03 12:26:26,1775219186,R_75,34264.8503,-1,1.1445000000021537,BACKFILL_AUTO
2026-04-03 12:26:28,1775219188,R_75,34271.6364,1,6.786100000004808,BACKFILL_AUTO
2026-04-03 12:26:30,1775219190,R_75,34278.7768,1,7.140399999996589,BACKFILL_AUTO
2026-04-03 12:26:32,1775219192,R_75,34269.6335,-1,9.143299999996088,BACKFILL_AUTO
2026-04-03 12:26:34,1775219194,R_75,34264.1222,-1,5.511300000005576,BACKFILL_AUTO
2026-04-03 12:26:36,1775219196,R_75,34263.1129,-1,1.0092999999978929,BACKFILL_AUTO
2026-04-03 12:26:38,1775219198,R_75,34268.1248,1,5.011899999997695,BACKFILL_AUTO
2026-04-03 12:26:40,1775219200,R_75,34263.6148,-1,4.509999999994761,BACKFILL_AUTO
2026-04-03 12:26:42,1775219202,R_75,34249.3808,-1,14.234000000004016,BACKFILL_AUTO
2026-04-03 12:26:44,1775219204,R_75,34236.8293,-1,12.551500000001397,BACKFILL_AUTO
2026-04-03 12:26:46,1775219206,R_75,34234.3028,-1,2.526499999999942,BACKFILL_AUTO
2026-04-03 12:26:48,1775219208,R_75,34231.395,-1,2.9078000000008615,BACKFILL_AUTO
2026-04-03 12:26:50,1775219210,R_75,34222.8492,-1,8.545799999999872,BACKFILL_AUTO
2026-04-03 12:26:52,1775219212,R_75,34230.0281,1,7.1789000000062515,BACKFILL_AUTO
2026-04-03 12:26:54,1775219214,R_75,34237.2564,1,7.228299999995215,BACKFILL_AUTO
2026-04-03 12:26:56,1775219216,R_75,34241.4302,1,4.173800000004121,BACKFILL_AUTO
2026-04-03 12:26:58,1775219218,R_75,34246.3402,1,4.9099999999962165,BACKFILL_AUTO
2026-04-03 12:27:00,1775219220,R_75,34248.8976,1,2.5573999999978696,BACKFILL_AUTO
2026-04-03 12:27:02,1775219222,R_75,34240.8127,-1,8.084899999994377,BACKFILL_AUTO
2026-04-03 12:27:04,1775219224,R_75,34247.5047,1,6.69199999999546,BACKFILL_AUTO
2026-04-03 12:27:06,1775219226,R_75,34253.0321,1,5.527399999999034,BACKFILL_AUTO
2026-04-03 12:27:08,1775219228,R_75,34249.1643,-1,3.8677999999999884,BACKFILL_AUTO
2026-04-03 12:27:10,1775219230,R_75,34237.8152,-1,11.349099999999453,BACKFILL_AUTO
2026-04-03 12:27:12,1775219232,R_75,34241.9534,1,4.138200000001234,BACKFILL_AUTO
2026-04-03 12:27:14,1775219234,R_75,34241.7188,-1,0.234599999996135,BACKFILL_AUTO
2026-04-03 12:27:16,1775219236,R_75,34232.9567,-1,8.762099999999919,BACKFILL_AUTO
2026-04-03 12:27:18,1775219238,R_75,34232.4427,-1,0.5140000000028522,BACKFILL_AUTO
2026-04-03 12:27:20,1775219240,R_75,34226.3639,-1,6.078800000002957,BACKFILL_AUTO
2026-04-03 12:27:22,1775219242,R_75,34228.7593,1,2.3954000000012456,BACKFILL_AUTO
2026-04-03 12:27:24,1775219244,R_75,34223.9513,-1,4.807999999997264,BACKFILL_AUTO
2026-04-03 12:27:26,1775219246,R_75,34227.4865,1,3.53519999999844,BACKFILL_AUTO
2026-04-03 12:27:28,1775219248,R_75,34225.9456,-1,1.540899999999965,BACKFILL_AUTO
2026-04-03 12:27:30,1775219250,R_75,34215.598,-1,10.347600000000966,BACKFILL_AUTO
2026-04-03 12:27:32,1775219252,R_75,34200.3364,-1,15.261599999997998,BACKFILL_AUTO
2026-04-03 12:27:34,1775219254,R_75,34201.7532,1,1.416799999999057,BACKFILL_AUTO
2026-04-03 12:27:36,1775219256,R_75,34194.9101,-1,6.8430999999982305,BACKFILL_AUTO
2026-04-03 12:27:38,1775219258,R_75,34203.1054,1,8.195299999999406,BACKFILL_AUTO
2026-04-03 12:27:40,1775219260,R_75,34218.3844,1,15.27900000000227,BACKFILL_AUTO
2026-04-03 12:27:42,1775219262,R_75,34207.3372,-1,11.047200000000885,BACKFILL_AUTO
2026-04-03 12:27:44,1775219264,R_75,34219.9461,1,12.608899999999267,BACKFILL_AUTO
2026-04-03 12:27:46,1775219266,R_75,34217.2631,-1,2.68300000000454,BACKFILL_AUTO
2026-04-03 12:27:48,1775219268,R_75,34209.4145,-1,7.848599999997532,BACKFILL_AUTO
2026-04-03 12:27:50,1775219270,R_75,34202.0815,-1,7.332999999998719,BACKFILL_AUTO
2026-04-03 12:27:52,1775219272,R_75,34200.6533,-1,1.4282000000021071,BACKFILL_AUTO
2026-04-03 12:27:54,1775219274,R_75,34198.2294,-1,2.423900000001595,BACKFILL_AUTO
2026-04-03 12:27:56,1775219276,R_75,34198.0723,-1,0.1570999999967171,BACKFILL_AUTO
2026-04-03 12:27:58,1775219278,R_75,34188.579,-1,9.49330000000191,BACKFILL_AUTO
2026-04-03 12:28:00,1775219280,R_75,34181.9543,-1,6.624700000000303,BACKFILL_AUTO
2026-04-03 12:28:02,1775219282,R_75,34189.7525,1,7.7982000000047265,BACKFILL_AUTO
2026-04-03 12:28:04,1775219284,R_75,34197.4901,1,7.737600000000384,BACKFILL_AUTO
2026-04-03 12:28:06,1775219286,R_75,34200.4889,1,2.9987999999939348,BACKFILL_AUTO
2026-04-03 12:28:08,1775219288,R_75,34202.0214,1,1.5325000000011642,BACKFILL_AUTO
2026-04-03 12:28:10,1775219290,R_75,34209.332,1,7.310600000004342,BACKFILL_AUTO
2026-04-03 12:28:12,1775219292,R_75,34205.2469,-1,4.085100000003877,BACKFILL_AUTO
2026-04-03 12:28:14,1775219294,R_75,34211.4137,1,6.166799999999057,BACKFILL_AUTO
2026-04-03 12:28:16,1775219296,R_75,34211.2283,-1,0.1853999999948428,BACKFILL_AUTO
2026-04-03 12:28:18,1775219298,R_75,34209.492,-1,1.736300000004121,BACKFILL_AUTO
2026-04-03 12:28:20,1775219300,R_75,34196.0227,-1,13.46929999999702,BACKFILL_AUTO
2026-04-03 12:28:22,1775219302,R_75,34205.4512,1,9.428500000001804,BACKFILL_AUTO
2026-04-03 12:28:24,1775219304,R_75,34209.3314,1,3.880199999999604,BACKFILL_AUTO
2026-04-03 12:28:26,1775219306,R_75,34214.4189,1,5.087499999994179,BACKFILL_AUTO
2026-04-03 12:28:28,1775219308,R_75,34216.0938,1,1.6749000000054366,BACKFILL_AUTO
2026-04-03 12:28:30,1775219310,R_75,34212.0932,-1,4.000599999999395,BACKFILL_AUTO
2026-04-03 12:28:32,1775219312,R_75,34228.516,1,16.42280000000028,BACKFILL_AUTO
2026-04-03 12:28:34,1775219314,R_75,34224.1869,-1,4.329100000002654,BACKFILL_AUTO
2026-04-03 12:28:36,1775219316,R_75,34229.7371,1,5.550199999997858,BACKFILL_AUTO
2026-04-03 12:28:38,1775219318,R_75,34229.9208,1,0.18370000000140863,BACKFILL_AUTO
2026-04-03 12:28:40,1775219320,R_75,34237.6897,1,7.768900000002759,BACKFILL_AUTO
2026-04-03 12:28:42,1775219322,R_75,34231.4693,-1,6.220400000005611,BACKFILL_AUTO
2026-04-03 12:28:44,1775219324,R_75,34232.661,1,1.1917000000030384,BACKFILL_AUTO
2026-04-03 12:28:46,1775219326,R_75,34245.0343,1,12.37329999999929,BACKFILL_AUTO
2026-04-03 12:28:48,1775219328,R_75,34234.1141,-1,10.920200000000477,BACKFILL_AUTO
2026-04-03 12:28:50,1775219330,R_75,34237.5805,1,3.4663999999975204,BACKFILL_AUTO
2026-04-03 12:28:52,1775219332,R_75,34236.47,-1,1.110499999995227,BACKFILL_AUTO
2026-04-03 12:28:54,1775219334,R_75,34247.5552,1,11.08520000000135,BACKFILL_AUTO
2026-04-03 12:28:56,1775219336,R_75,34242.9549,-1,4.600300000005518,BACKFILL_AUTO
2026-04-03 12:28:58,1775219338,R_75,34243.8144,1,0.8595000000059372,BACKFILL_AUTO
2026-04-03 12:29:00,1775219340,R_75,34245.9343,1,2.1198999999978696,BACKFILL_AUTO
2026-04-03 12:29:02,1775219342,R_75,34242.936,-1,2.99829999999929,BACKFILL_AUTO
2026-04-03 12:29:04,1775219344,R_75,34231.4471,-1,11.488900000003923,BACKFILL_AUTO
2026-04-03 12:29:06,1775219346,R_75,34233.3905,1,1.9434000000037486,BACKFILL_AUTO
2026-04-03 12:29:08,1775219348,R_75,34231.3722,-1,2.0183000000033644,BACKFILL_AUTO
2026-04-03 12:29:10,1775219350,R_75,34228.5378,-1,2.8343999999997322,BACKFILL_AUTO
2026-04-03 12:29:12,1775219352,R_75,34225.6739,-1,2.8638999999966472,BACKFILL_AUTO
2026-04-03 12:29:14,1775219354,R_75,34234.8755,1,9.201600000000326,BACKFILL_AUTO
2026-04-03 12:29:16,1775219356,R_75,34234.2988,-1,0.5767000000050757,BACKFILL_AUTO
2026-04-03 12:29:18,1775219358,R_75,34231.0882,-1,3.2105999999985215,BACKFILL_AUTO
2026-04-03 12:29:20,1775219360,R_75,34229.2778,-1,1.8103999999948428,BACKFILL_AUTO
2026-04-03 12:29:22,1775219362,R_75,34229.0931,-1,0.18470000000525033,BACKFILL_AUTO
2026-04-03 12:29:24,1775219364,R_75,34233.7918,1,4.6987000000008265,BACKFILL_AUTO
2026-04-03 12:29:26,1775219366,R_75,34236.8796,1,3.0878000000011525,BACKFILL_AUTO
2026-04-03 12:29:28,1775219368,R_75,34241.5406,1,4.661000000000058,BACKFILL_AUTO
2026-04-03 12:29:30,1775219370,R_75,34240.5322,-1,1.008399999998801,BACKFILL_AUTO
2026-04-03 12:29:32,1775219372,R_75,34233.2364,-1,7.295799999999872,BACKFILL_AUTO
2026-04-03 12:29:34,1775219374,R_75,34241.5188,1,8.282399999996414,BACKFILL_AUTO
2026-04-03 12:29:36,1775219376,R_75,34230.3433,-1,11.175499999997555,BACKFILL_AUTO
2026-04-03 12:29:38,1775219378,R_75,34234.6082,1,4.264900000001944,BACKFILL_AUTO
2026-04-03 12:29:40,1775219380,R_75,34238.206,1,3.597799999995914,BACKFILL_AUTO
2026-04-03 12:29:42,1775219382,R_75,34242.4899,1,4.283900000002177,BACKFILL_AUTO
2026-04-03 12:29:44,1775219384,R_75,34243.142,1,0.6520999999993364,BACKFILL_AUTO
2026-04-03 12:29:46,1775219386,R_75,34253.7486,1,10.606599999999162,BACKFILL_AUTO
2026-04-03 12:29:48,1775219388,R_75,34261.4719,1,7.723299999997835,BACKFILL_AUTO
2026-04-03 12:29:50,1775219390,R_75,34260.9363,-1,0.5355999999956111,BACKFILL_AUTO
2026-04-03 12:29:52,1775219392,R_75,34254.0987,-1,6.837599999998929,BACKFILL_AUTO
2026-04-03 12:29:54,1775219394,R_75,34257.5605,1,3.461799999997311,BACKFILL_AUTO
2026-04-03 12:29:56,1775219396,R_75,34245.4395,-1,12.120999999999185,BACKFILL_AUTO
2026-04-03 12:29:58,1775219398,R_75,34247.7579,1,2.3183999999964726,BACKFILL_AUTO
2026-04-03 12:30:00,1775219400,R_75,34246.4399,-1,1.3179999999993015,BACKFILL_AUTO
2026-04-03 12:30:02,1775219402,R_75,34242.5098,-1,3.930099999997765,BACKFILL_AUTO
2026-04-03 12:30:04,1775219404,R_75,34246.4043,1,3.8945000000021537,BACKFILL_AUTO
2026-04-03 12:30:06,1775219406,R_75,34241.8786,-1,4.5257000000056,BACKFILL_AUTO
2026-04-03 12:30:08,1775219408,R_75,34238.9461,-1,2.9324999999953434,BACKFILL_AUTO
2026-04-03 12:30:10,1775219410,R_75,34242.3166,1,3.3704999999972642,BACKFILL_AUTO
2026-04-03 12:30:12,1775219412,R_75,34237.9339,-1,4.3826999999946565,BACKFILL_AUTO
2026-04-03 12:30:14,1775219414,R_75,34242.9886,1,5.054699999993318,BACKFILL_AUTO
2026-04-03 12:30:16,1775219416,R_75,34241.4624,-1,1.5262000000002445,BACKFILL_AUTO
2026-04-03 12:30:18,1775219418,R_75,34223.6867,-1,17.775699999998324,BACKFILL_AUTO
2026-04-03 12:30:20,1775219420,R_75,34230.3872,1,6.7004999999990105,BACKFILL_AUTO
2026-04-03 12:30:22,1775219422,R_75,34224.1392,-1,6.2479999999995925,BACKFILL_AUTO
2026-04-03 12:30:24,1775219424,R_75,34228.1111,1,3.971900000004098,BACKFILL_AUTO
2026-04-03 12:30:26,1775219426,R_75,34221.6987,-1,6.412400000001071,BACKFILL_AUTO
2026-04-03 12:30:28,1775219428,R_75,34225.4104,1,3.711699999999837,BACKFILL_AUTO
2026-04-03 12:30:30,1775219430,R_75,34226.4149,1,1.0045000000027358,BACKFILL_AUTO
2026-04-03 12:30:32,1775219432,R_75,34220.1419,-1,6.273000000001048,BACKFILL_AUTO
2026-04-03 12:30:34,1775219434,R_75,34222.5176,1,2.3756999999968684,BACKFILL_AUTO
2026-04-03 12:30:36,1775219436,R_75,34227.4042,1,4.886599999997998,BACKFILL_AUTO
2026-04-03 12:30:38,1775219438,R_75,34225.7927,-1,1.6114999999990687,BACKFILL_AUTO
2026-04-03 12:30:40,1775219440,R_75,34236.5663,1,10.773600000000442,BACKFILL_AUTO
2026-04-03 12:30:42,1775219442,R_75,34244.4321,1,7.865799999999581,BACKFILL_AUTO
2026-04-03 12:30:44,1775219444,R_75,34243.6238,-1,0.8082999999969616,BACKFILL_AUTO
2026-04-03 12:30:46,1775219446,R_75,34240.2997,-1,3.3240999999979977,BACKFILL_AUTO
2026-04-03 12:30:48,1775219448,R_75,34247.722,1,7.4222999999983585,BACKFILL_AUTO
2026-04-03 12:30:50,1775219450,R_75,34246.4859,-1,1.2361000000018976,BACKFILL_AUTO
2026-04-03 12:30:52,1775219452,R_75,34249.3844,1,2.8985000000029686,BACKFILL_AUTO
2026-04-03 12:30:54,1775219454,R_75,34250.5848,1,1.2003999999942607,BACKFILL_AUTO
2026-04-03 12:30:56,1775219456,R_75,34263.8167,1,13.231900000006135,BACKFILL_AUTO
2026-04-03 12:30:58,1775219458,R_75,34275.01,1,11.193299999998999,BACKFILL_AUTO
2026-04-03 12:31:00,1775219460,R_75,34274.0872,-1,0.9228000000002794,BACKFILL_AUTO
2026-04-03 12:31:02,1775219462,R_75,34277.5824,1,3.495199999997567,BACKFILL_AUTO
2026-04-03 12:31:04,1775219464,R_75,34274.9147,-1,2.667699999998149,BACKFILL_AUTO
2026-04-03 12:31:06,1775219466,R_75,34278.515,1,3.600299999998242,BACKFILL_AUTO
2026-04-03 12:31:08,1775219468,R_75,34274.5151,-1,3.999900000002526,BACKFILL_AUTO
2026-04-03 12:31:10,1775219470,R_75,34273.1241,-1,1.3909999999959837,BACKFILL_AUTO
2026-04-03 12:31:12,1775219472,R_75,34274.6141,1,1.4899999999979627,BACKFILL_AUTO
2026-04-03 12:31:14,1775219474,R_75,34280.3646,1,5.750500000001921,BACKFILL_AUTO
2026-04-03 12:31:16,1775219476,R_75,34270.0028,-1,10.361799999998766,BACKFILL_AUTO
2026-04-03 12:31:18,1775219478,R_75,34273.2246,1,3.221799999999348,BACKFILL_AUTO
2026-04-03 12:31:20,1775219480,R_75,34268.2101,-1,5.014500000004773,BACKFILL_AUTO
2026-04-03 12:31:22,1775219482,R_75,34268.3144,1,0.104300000006333,BACKFILL_AUTO
2026-04-03 12:31:24,1775219484,R_75,34261.9299,-1,6.384500000000116,BACKFILL_AUTO
2026-04-03 12:31:26,1775219486,R_75,34261.9385,1,0.008599999993748497,BACKFILL_AUTO
2026-04-03 12:31:28,1775219488,R_75,34264.7842,1,2.8457000000053085,BACKFILL_AUTO
2026-04-03 12:31:30,1775219490,R_75,34257.0552,-1,7.72899999999936,BACKFILL_AUTO
2026-04-03 12:31:32,1775219492,R_75,34258.0642,1,1.0089999999981956,BACKFILL_AUTO
2026-04-03 12:31:34,1775219494,R_75,34251.5473,-1,6.516900000002352,BACKFILL_AUTO
2026-04-03 12:31:36,1775219496,R_75,34244.9034,-1,6.643899999995483,BACKFILL_AUTO
2026-04-03 12:31:38,1775219498,R_75,34244.7932,-1,0.11020000000280561,BACKFILL_AUTO
2026-04-03 12:31:40,1775219500,R_75,34248.2296,1,3.4363999999986845,BACKFILL_AUTO
2026-04-03 12:31:42,1775219502,R_75,34249.0124,1,0.7828000000008615,BACKFILL_AUTO
2026-04-03 12:31:44,1775219504,R_75,34247.6764,-1,1.3360000000029686,BACKFILL_AUTO
2026-04-03 12:31:46,1775219506,R_75,34252.7243,1,5.047900000005029,BACKFILL_AUTO
2026-04-03 12:31:48,1775219508,R_75,34255.6022,1,2.8778999999994994,BACKFILL_AUTO
2026-04-03 12:31:50,1775219510,R_75,34245.8414,-1,9.760800000003655,BACKFILL_AUTO
2026-04-03 12:31:52,1775219512,R_75,34254.5984,1,8.757000000005064,BACKFILL_AUTO
2026-04-03 12:31:54,1775219514,R_75,34256.4561,1,1.8577000000004773,BACKFILL_AUTO
2026-04-03 12:31:56,1775219516,R_75,34258.998,1,2.541899999996531,BACKFILL_AUTO
2026-04-03 12:31:58,1775219518,R_75,34265.5188,1,6.520799999998417,BACKFILL_AUTO
2026-04-03 12:32:00,1775219520,R_75,34264.4113,-1,1.1074999999982538,BACKFILL_AUTO
2026-04-03 12:32:02,1775219522,R_75,34258.0349,-1,6.376400000001013,BACKFILL_AUTO
2026-04-03 12:32:04,1775219524,R_75,34262.8,1,4.765100000004168,BACKFILL_AUTO
2026-04-03 12:32:06,1775219526,R_75,34268.2698,1,5.469799999998941,BACKFILL_AUTO
2026-04-03 12:32:08,1775219528,R_75,34254.9,-1,13.369800000000396,BACKFILL_AUTO
2026-04-03 12:32:10,1775219530,R_75,34261.6189,1,6.718899999999849,BACKFILL_AUTO
2026-04-03 12:32:12,1775219532,R_75,34263.0707,1,1.4517999999952735,BACKFILL_AUTO
2026-04-03 12:32:14,1775219534,R_75,34263.4453,1,0.3746000000028289,BACKFILL_AUTO
2026-04-03 12:32:16,1775219536,R_75,34251.5959,-1,11.84939999999915,BACKFILL_AUTO
2026-04-03 12:32:18,1775219538,R_75,34243.9772,-1,7.61869999999908,BACKFILL_AUTO
2026-04-03 12:32:20,1775219540,R_75,34249.9606,1,5.983399999997346,BACKFILL_AUTO
2026-04-03 12:32:22,1775219542,R_75,34247.2792,-1,2.681400000001304,BACKFILL_AUTO
2026-04-03 12:32:24,1775219544,R_75,34242.206,-1,5.073199999998906,BACKFILL_AUTO
2026-04-03 12:32:26,1775219546,R_75,34231.3495,-1,10.856500000001688,BACKFILL_AUTO
2026-04-03 12:32:28,1775219548,R_75,34244.1346,1,12.785100000000966,BACKFILL_AUTO
2026-04-03 12:32:30,1775219550,R_75,34238.6707,-1,5.463899999995192,BACKFILL_AUTO
2026-04-03 12:32:32,1775219552,R_75,34247.6463,1,8.97559999999794,BACKFILL_AUTO
2026-04-03 12:32:34,1775219554,R_75,34245.0384,-1,2.607900000002701,BACKFILL_AUTO
2026-04-03 12:32:36,1775219556,R_75,34247.1747,1,2.1363000000055763,BACKFILL_AUTO
2026-04-03 12:32:38,1775219558,R_75,34241.0869,-1,6.0878000000011525,BACKFILL_AUTO
2026-04-03 12:32:40,1775219560,R_75,34242.5736,1,1.4867000000012922,BACKFILL_AUTO
2026-04-03 12:32:42,1775219562,R_75,34236.7676,-1,5.806000000004133,BACKFILL_AUTO
2026-04-03 12:32:44,1775219564,R_75,34233.9909,-1,2.7767000000021653,BACKFILL_AUTO
2026-04-03 12:32:46,1775219566,R_75,34230.6177,-1,3.37319999999454,BACKFILL_AUTO
2026-04-03 12:32:48,1775219568,R_75,34234.0028,1,3.385099999999511,BACKFILL_AUTO
2026-04-03 12:32:50,1775219570,R_75,34228.5448,-1,5.457999999998719,BACKFILL_AUTO
2026-04-03 12:32:52,1775219572,R_75,34229.1289,1,0.5841000000000349,BACKFILL_AUTO
2026-04-03 12:32:54,1775219574,R_75,34240.7165,1,11.587599999998929,BACKFILL_AUTO
2026-04-03 12:32:56,1775219576,R_75,34235.6001,-1,5.1163999999989755,BACKFILL_AUTO
2026-04-03 12:32:58,1775219578,R_75,34241.2368,1,5.636699999995471,BACKFILL_AUTO
2026-04-03 12:33:00,1775219580,R_75,34231.3774,-1,9.859400000001187,BACKFILL_AUTO
2026-04-03 12:33:02,1775219582,R_75,34236.1104,1,4.733000000000175,BACKFILL_AUTO
2026-04-03 12:33:04,1775219584,R_75,34234.5939,-1,1.5164999999979045,BACKFILL_AUTO
2026-04-03 12:33:06,1775219586,R_75,34235.3146,1,0.7206999999980326,BACKFILL_AUTO
2026-04-03 12:33:08,1775219588,R_75,34242.1398,1,6.825199999999313,BACKFILL_AUTO
2026-04-03 12:33:10,1775219590,R_75,34254.598,1,12.458200000000943,BACKFILL_AUTO
2026-04-03 12:33:12,1775219592,R_75,34256.4856,1,1.8876000000018394,BACKFILL_AUTO
2026-04-03 12:33:14,1775219594,R_75,34258.5399,1,2.0543000000034226,BACKFILL_AUTO
2026-04-03 12:33:16,1775219596,R_75,34245.4474,-1,13.092500000006112,BACKFILL_AUTO
2026-04-03 12:33:18,1775219598,R_75,34248.1785,1,2.731100000004517,BACKFILL_AUTO
2026-04-03 12:33:20,1775219600,R_75,34252.3553,1,4.176800000001094,BACKFILL_AUTO
2026-04-03 12:33:22,1775219602,R_75,34248.1326,-1,4.222700000005716,BACKFILL_AUTO
2026-04-03 12:33:24,1775219604,R_75,34254.0478,1,5.915200000003097,BACKFILL_AUTO
2026-04-03 12:33:26,1775219606,R_75,34252.8264,-1,1.221400000002177,BACKFILL_AUTO
2026-04-03 12:33:28,1775219608,R_75,34249.1252,-1,3.701199999995879,BACKFILL_AUTO
2026-04-03 12:33:30,1775219610,R_75,34251.7759,1,2.6506999999983236,BACKFILL_AUTO
2026-04-03 12:33:32,1775219612,R_75,34254.8904,1,3.114499999996042,BACKFILL_AUTO
2026-04-03 12:33:34,1775219614,R_75,34243.956,-1,10.934399999998277,BACKFILL_AUTO
2026-04-03 12:33:36,1775219616,R_75,34255.5349,1,11.57890000000043,BACKFILL_AUTO
2026-04-03 12:33:38,1775219618,R_75,34259.6699,1,4.135000000002037,BACKFILL_AUTO
2026-04-03 12:33:40,1775219620,R_75,34268.0551,1,8.385199999996985,BACKFILL_AUTO
2026-04-03 12:33:42,1775219622,R_75,34272.5933,1,4.538200000002689,BACKFILL_AUTO
2026-04-03 12:33:44,1775219624,R_75,34272.1049,-1,0.48840000000200234,BACKFILL_AUTO
2026-04-03 12:33:46,1775219626,R_75,34262.0267,-1,10.078199999996286,BACKFILL_AUTO
2026-04-03 12:33:48,1775219628,R_75,34262.8723,1,0.8456000000005588,BACKFILL_AUTO
2026-04-03 12:33:50,1775219630,R_75,34266.6875,1,3.815199999997276,BACKFILL_AUTO
2026-04-03 12:33:52,1775219632,R_75,34262.8745,-1,3.813000000001921,BACKFILL_AUTO
2026-04-03 12:33:54,1775219634,R_75,34261.3565,-1,1.5179999999963911,BACKFILL_AUTO
2026-04-03 12:33:56,1775219636,R_75,34261.549,1,0.19249999999738066,BACKFILL_AUTO
2026-04-03 12:33:58,1775219638,R_75,34273.5032,1,11.954200000000128,BACKFILL_AUTO
2026-04-03 12:34:00,1775219640,R_75,34278.0821,1,4.578900000000431,BACKFILL_AUTO
2026-04-03 12:34:02,1775219642,R_75,34272.1059,-1,5.976199999997334,BACKFILL_AUTO
2026-04-03 12:34:04,1775219644,R_75,34275.1703,1,3.0643999999956577,BACKFILL_AUTO
2026-04-03 12:34:06,1775219646,R_75,34278.6115,1,3.4412000000011176,BACKFILL_AUTO
2026-04-03 12:34:08,1775219648,R_75,34279.2486,1,0.6370999999999185,BACKFILL_AUTO
2026-04-03 12:34:10,1775219650,R_75,34271.154,-1,8.094599999996717,BACKFILL_AUTO
2026-04-03 12:34:12,1775219652,R_75,34271.1988,1,0.04479999999603024,BACKFILL_AUTO
2026-04-03 12:34:14,1775219654,R_75,34273.7264,1,2.5276000000012573,BACKFILL_AUTO
2026-04-03 12:34:16,1775219656,R_75,34274.4994,1,0.7730000000010477,BACKFILL_AUTO
2026-04-03 12:34:18,1775219658,R_75,34269.8967,-1,4.602700000003097,BACKFILL_AUTO
2026-04-03 12:34:20,1775219660,R_75,34266.7665,-1,3.130199999999604,BACKFILL_AUTO
2026-04-03 12:34:22,1775219662,R_75,34261.6364,-1,5.130099999994854,BACKFILL_AUTO
2026-04-03 12:34:24,1775219664,R_75,34267.6519,1,6.015499999994063,BACKFILL_AUTO
2026-04-03 12:34:26,1775219666,R_75,34273.6177,1,5.965800000005402,BACKFILL_AUTO
2026-04-03 12:34:28,1775219668,R_75,34276.1677,1,2.5499999999956344,BACKFILL_AUTO
2026-04-03 12:34:30,1775219670,R_75,34274.1435,-1,2.024199999999837,BACKFILL_AUTO
2026-04-03 12:34:32,1775219672,R_75,34277.673,1,3.529500000004191,BACKFILL_AUTO
2026-04-03 12:34:34,1775219674,R_75,34268.6888,-1,8.984199999998964,BACKFILL_AUTO
2026-04-03 12:34:36,1775219676,R_75,34275.2195,1,6.530699999995704,BACKFILL_AUTO
2026-04-03 12:34:38,1775219678,R_75,34279.786,1,4.566500000000815,BACKFILL_AUTO
2026-04-03 12:34:40,1775219680,R_75,34276.6879,-1,3.098100000002887,BACKFILL_AUTO
2026-04-03 12:34:42,1775219682,R_75,34272.2339,-1,4.4539999999979045,BACKFILL_AUTO
2026-04-03 12:34:44,1775219684,R_75,34266.5545,-1,5.679400000000896,BACKFILL_AUTO
2026-04-03 12:34:46,1775219686,R_75,34277.8282,1,11.273700000005192,BACKFILL_AUTO
2026-04-03 12:34:48,1775219688,R_75,34279.323,1,1.4947999999931199,BACKFILL_AUTO
2026-04-03 12:34:50,1775219690,R_75,34286.1536,1,6.830600000001141,BACKFILL_AUTO
2026-04-03 12:34:52,1775219692,R_75,34293.8795,1,7.725900000004913,BACKFILL_AUTO
2026-04-03 12:34:54,1775219694,R_75,34298.1768,1,4.2972999999983585,BACKFILL_AUTO
2026-04-03 12:34:56,1775219696,R_75,34293.277,-1,4.899799999999232,BACKFILL_AUTO
2026-04-03 12:34:58,1775219698,R_75,34297.0366,1,3.75959999999759,BACKFILL_AUTO
2026-04-03 12:35:00,1775219700,R_75,34288.7622,-1,8.27440000000206,BACKFILL_AUTO
2026-04-03 12:35:02,1775219702,R_75,34289.6489,1,0.8867000000027474,BACKFILL_AUTO
2026-04-03 12:35:04,1775219704,R_75,34300.0189,1,10.37000000000262,BACKFILL_AUTO
2026-04-03 12:35:06,1775219706,R_75,34306.6441,1,6.625199999994948,BACKFILL_AUTO
2026-04-03 12:35:08,1775219708,R_75,34311.166,1,4.521899999999732,BACKFILL_AUTO
2026-04-03 12:35:10,1775219710,R_75,34306.9819,-1,4.18409999999858,BACKFILL_AUTO
2026-04-03 12:35:12,1775219712,R_75,34315.9107,1,8.928800000001502,BACKFILL_AUTO
2026-04-03 12:35:14,1775219714,R_75,34309.8348,-1,6.0759000000034575,BACKFILL_AUTO
2026-04-03 12:35:16,1775219716,R_75,34318.7648,1,8.930000000000291,BACKFILL_AUTO
2026-04-03 12:35:18,1775219718,R_75,34312.0838,-1,6.680999999996857,BACKFILL_AUTO
2026-04-03 12:35:20,1775219720,R_75,34319.032,1,6.948199999998906,BACKFILL_AUTO
2026-04-03 12:35:22,1775219722,R_75,34316.8714,-1,2.160599999995611,BACKFILL_AUTO
2026-04-03 12:35:24,1775219724,R_75,34315.119,-1,1.7524000000048545,BACKFILL_AUTO
2026-04-03 12:35:26,1775219726,R_75,34328.2281,1,13.10910000000149,BACKFILL_AUTO
2026-04-03 12:35:28,1775219728,R_75,34334.3697,1,6.141600000002654,BACKFILL_AUTO
2026-04-03 12:35:30,1775219730,R_75,34338.7413,1,4.37159999999858,BACKFILL_AUTO
2026-04-03 12:35:32,1775219732,R_75,34344.3314,1,5.590100000001257,BACKFILL_AUTO
2026-04-03 12:35:34,1775219734,R_75,34339.6449,-1,4.686500000003434,BACKFILL_AUTO
2026-04-03 12:35:36,1775219736,R_75,34349.6473,1,10.002399999997579,BACKFILL_AUTO
2026-04-03 12:35:38,1775219738,R_75,34354.3704,1,4.723100000002887,BACKFILL_AUTO
2026-04-03 12:35:40,1775219740,R_75,34356.3416,1,1.9711999999999534,BACKFILL_AUTO
2026-04-03 12:35:42,1775219742,R_75,34355.6301,-1,0.7114999999976135,BACKFILL_AUTO
2026-04-03 12:35:44,1775219744,R_75,34359.8482,1,4.2180999999982305,BACKFILL_AUTO
2026-04-03 12:35:46,1775219746,R_75,34366.4672,1,6.618999999998778,BACKFILL_AUTO
2026-04-03 12:35:48,1775219748,R_75,34366.7688,1,0.30159999999887077,BACKFILL_AUTO
2026-04-03 12:35:50,1775219750,R_75,34368.711,1,1.9422000000049593,BACKFILL_AUTO
2026-04-03 12:35:52,1775219752,R_75,34358.9838,-1,9.727200000001176,BACKFILL_AUTO
2026-04-03 12:35:54,1775219754,R_75,34362.9685,1,3.9847000000008848,BACKFILL_AUTO
2026-04-03 12:35:56,1775219756,R_75,34371.884,1,8.915499999995518,BACKFILL_AUTO
2026-04-03 12:35:58,1775219758,R_75,34373.9446,1,2.0606000000043423,BACKFILL_AUTO
2026-04-03 12:36:00,1775219760,R_75,34377.9519,1,4.007299999997485,BACKFILL_AUTO
2026-04-03 12:36:02,1775219762,R_75,34388.5276,1,10.575700000001234,BACKFILL_AUTO
2026-04-03 12:36:04,1775219764,R_75,34381.6257,-1,6.901900000004389,BACKFILL_AUTO
2026-04-03 12:36:06,1775219766,R_75,34383.6364,1,2.0107000000061817,BACKFILL_AUTO
2026-04-03 12:36:08,1775219768,R_75,34389.477,1,5.840599999995902,BACKFILL_AUTO
2026-04-03 12:36:10,1775219770,R_75,34382.5662,-1,6.910799999997835,BACKFILL_AUTO
2026-04-03 12:36:12,1775219772,R_75,34362.4736,-1,20.092600000003586,BACKFILL_AUTO
2026-04-03 12:36:14,1775219774,R_75,34358.6257,-1,3.8479000000006636,BACKFILL_AUTO
2026-04-03 12:36:16,1775219776,R_75,34360.0448,1,1.4191000000064378,BACKFILL_AUTO
2026-04-03 12:36:18,1775219778,R_75,34363.3301,1,3.285299999995914,BACKFILL_AUTO
2026-04-03 12:36:20,1775219780,R_75,34365.546,1,2.2159000000028755,BACKFILL_AUTO
2026-04-03 12:36:22,1775219782,R_75,34357.1402,-1,8.405800000000454,BACKFILL_AUTO
2026-04-03 12:36:24,1775219784,R_75,34351.4986,-1,5.641600000002654,BACKFILL_AUTO
2026-04-03 12:36:26,1775219786,R_75,34351.4895,-1,0.00909999999566935,BACKFILL_AUTO
2026-04-03 12:36:28,1775219788,R_75,34346.5163,-1,4.973200000000361,BACKFILL_AUTO
2026-04-03 12:36:30,1775219790,R_75,34345.6284,-1,0.8879000000015367,BACKFILL_AUTO
2026-04-03 12:36:32,1775219792,R_75,34351.1063,1,5.477899999998044,BACKFILL_AUTO
2026-04-03 12:36:34,1775219794,R_75,34354.3142,1,3.2079000000012456,BACKFILL_AUTO
2026-04-03 12:36:36,1775219796,R_75,34347.1984,-1,7.115799999999581,BACKFILL_AUTO
2026-04-03 12:36:38,1775219798,R_75,34340.0606,-1,7.137800000004063,BACKFILL_AUTO
2026-04-03 12:36:40,1775219800,R_75,34347.6607,1,7.6001000000032946,BACKFILL_AUTO
2026-04-03 12:36:42,1775219802,R_75,34347.9769,1,0.3162000000011176,BACKFILL_AUTO
2026-04-03 12:36:44,1775219804,R_75,34349.2808,1,1.3038999999989755,BACKFILL_AUTO
2026-04-03 12:36:46,1775219806,R_75,34353.1678,1,3.8870000000024447,BACKFILL_AUTO
2026-04-03 12:36:48,1775219808,R_75,34351.8073,-1,1.360500000002503,BACKFILL_AUTO
2026-04-03 12:36:50,1775219810,R_75,34353.3066,1,1.4993000000031316,BACKFILL_AUTO
2026-04-03 12:36:52,1775219812,R_75,34347.6713,-1,5.635300000001735,BACKFILL_AUTO
2026-04-03 12:36:54,1775219814,R_75,34341.7615,-1,5.909800000001269,BACKFILL_AUTO
2026-04-03 12:36:56,1775219816,R_75,34352.0783,1,10.316800000000512,BACKFILL_AUTO
2026-04-03 12:36:58,1775219818,R_75,34356.9376,1,4.859299999996438,BACKFILL_AUTO
2026-04-03 12:37:00,1775219820,R_75,34365.5535,1,8.61590000000433,BACKFILL_AUTO
2026-04-03 12:37:02,1775219822,R_75,34354.2663,-1,11.287199999998847,BACKFILL_AUTO
2026-04-03 12:37:04,1775219824,R_75,34341.8148,-1,12.451500000002852,BACKFILL_AUTO
2026-04-03 12:37:06,1775219826,R_75,34342.6653,1,0.8505000000004657,BACKFILL_AUTO
2026-04-03 12:37:08,1775219828,R_75,34346.7094,1,4.044099999999162,BACKFILL_AUTO
2026-04-03 12:37:10,1775219830,R_75,34353.1354,1,6.425999999999476,BACKFILL_AUTO
2026-04-03 12:37:12,1775219832,R_75,34368.6496,1,15.5141999999978,BACKFILL_AUTO
2026-04-03 12:37:14,1775219834,R_75,34358.8137,-1,9.835899999998219,BACKFILL_AUTO
2026-04-03 12:37:16,1775219836,R_75,34367.8964,1,9.082699999999022,BACKFILL_AUTO
2026-04-03 12:37:18,1775219838,R_75,34369.5211,1,1.6247000000003027,BACKFILL_AUTO
2026-04-03 12:37:20,1775219840,R_75,34367.0853,-1,2.43579999999929,BACKFILL_AUTO
2026-04-03 12:37:22,1775219842,R_75,34373.3716,1,6.2862999999997555,BACKFILL_AUTO
2026-04-03 12:37:24,1775219844,R_75,34368.1968,-1,5.174800000000687,BACKFILL_AUTO
2026-04-03 12:37:26,1775219846,R_75,34369.9432,1,1.7464000000036322,BACKFILL_AUTO
2026-04-03 12:37:28,1775219848,R_75,34374.9343,1,4.991099999999278,BACKFILL_AUTO
2026-04-03 12:37:30,1775219850,R_75,34372.6209,-1,2.313399999999092,BACKFILL_AUTO
2026-04-03 12:37:32,1775219852,R_75,34373.4849,1,0.864000000001397,BACKFILL_AUTO
2026-04-03 12:37:34,1775219854,R_75,34374.5426,1,1.057699999997567,BACKFILL_AUTO
2026-04-03 12:37:36,1775219856,R_75,34371.3271,-1,3.2154999999984284,BACKFILL_AUTO
2026-04-03 12:37:38,1775219858,R_75,34377.7365,1,6.409399999996822,BACKFILL_AUTO
2026-04-03 12:37:40,1775219860,R_75,34390.8963,1,13.159800000001269,BACKFILL_AUTO
2026-04-03 12:37:42,1775219862,R_75,34397.0981,1,6.2018000000025495,BACKFILL_AUTO
2026-04-03 12:37:44,1775219864,R_75,34392.3222,-1,4.775900000000547,BACKFILL_AUTO
2026-04-03 12:37:46,1775219866,R_75,34387.5392,-1,4.783000000003085,BACKFILL_AUTO
2026-04-03 12:37:48,1775219868,R_75,34381.7477,-1,5.79149999999936,BACKFILL_AUTO
2026-04-03 12:37:50,1775219870,R_75,34388.4743,1,6.726600000001781,BACKFILL_AUTO
2026-04-03 12:37:52,1775219872,R_75,34384.2708,-1,4.20350000000326,BACKFILL_AUTO
2026-04-03 12:37:54,1775219874,R_75,34386.4547,1,2.183900000003632,BACKFILL_AUTO
2026-04-03 12:37:56,1775219876,R_75,34382.6073,-1,3.8473999999987427,BACKFILL_AUTO
2026-04-03 12:37:58,1775219878,R_75,34385.5661,1,2.9587999999930616,BACKFILL_AUTO
2026-04-03 12:38:00,1775219880,R_75,34386.5256,1,0.959500000004482,BACKFILL_AUTO
2026-04-03 12:38:02,1775219882,R_75,34390.2887,1,3.7630999999964843,BACKFILL_AUTO
2026-04-03 12:38:04,1775219884,R_75,34406.3977,1,16.109000000004016,BACKFILL_AUTO
2026-04-03 12:38:06,1775219886,R_75,34420.6686,1,14.27089999999589,BACKFILL_AUTO
2026-04-03 12:38:08,1775219888,R_75,34417.7046,-1,2.963999999999942,BACKFILL_AUTO
2026-04-03 12:38:10,1775219890,R_75,34415.5102,-1,2.1944000000003143,BACKFILL_AUTO
2026-04-03 12:38:12,1775219892,R_75,34408.8027,-1,6.707499999996799,BACKFILL_AUTO
2026-04-03 12:38:14,1775219894,R_75,34404.3186,-1,4.48410000000149,BACKFILL_AUTO
2026-04-03 12:38:16,1775219896,R_75,34403.6059,-1,0.7126999999964028,BACKFILL_AUTO
