timestamp,unix_time,instrument,price,direction,tick_size,session_id
2026-04-05 02:58:29,1775357909,stpRNG,7949.7,0,,BACKFILL_AUTO
2026-04-05 02:58:30,1775357910,stpRNG,7949.6,-1,0.0999999999994543,BACKFILL_AUTO
2026-04-05 02:58:31,1775357911,stpRNG,7949.5,-1,0.1000000000003638,BACKFILL_AUTO
2026-04-05 02:58:32,1775357912,stpRNG,7949.4,-1,0.1000000000003638,BACKFILL_AUTO
2026-04-05 02:58:33,1775357913,stpRNG,7949.5,1,0.1000000000003638,BACKFILL_AUTO
2026-04-05 02:58:34,1775357914,stpRNG,7949.4,-1,0.1000000000003638,BACKFILL_AUTO
2026-04-05 02:58:35,1775357915,stpRNG,7949.3,-1,0.0999999999994543,BACKFILL_AUTO
2026-04-05 02:58:36,1775357916,stpRNG,7949.2,-1,0.1000000000003638,BACKFILL_AUTO
2026-04-05 02:58:37,1775357917,stpRNG,7949.3,1,0.1000000000003638,BACKFILL_AUTO
2026-04-05 02:58:38,1775357918,stpRNG,7949.4,1,0.0999999999994543,BACKFILL_AUTO
2026-04-05 02:58:39,1775357919,stpRNG,7949.3,-1,0.0999999999994543,BACKFILL_AUTO
2026-04-05 02:58:40,1775357920,stpRNG,7949.4,1,0.0999999999994543,BACKFILL_AUTO
2026-04-05 02:58:41,1775357921,stpRNG,7949.3,-1,0.0999999999994543,BACKFILL_AUTO
2026-04-05 02:58:42,1775357922,stpRNG,7949.2,-1,0.1000000000003638,BACKFILL_AUTO
2026-04-05 02:58:43,1775357923,stpRNG,7949.1,-1,0.0999999999994543,BACKFILL_AUTO
2026-04-05 02:58:44,1775357924,stpRNG,7949.0,-1,0.1000000000003638,BACKFILL_AUTO
2026-04-05 02:58:45,1775357925,stpRNG,7948.9,-1,0.1000000000003638,BACKFILL_AUTO
2026-04-05 02:58:46,1775357926,stpRNG,7948.8,-1,0.0999999999994543,BACKFILL_AUTO
2026-04-05 02:58:47,1775357927,stpRNG,7948.7,-1,0.1000000000003638,BACKFILL_AUTO
2026-04-05 02:58:48,1775357928,stpRNG,7948.6,-1,0.0999999999994543,BACKFILL_AUTO
2026-04-05 02:58:49,1775357929,stpRNG,7948.5,-1,0.1000000000003638,BACKFILL_AUTO
2026-04-05 02:58:50,1775357930,stpRNG,7948.4,-1,0.1000000000003638,BACKFILL_AUTO
2026-04-05 02:58:51,1775357931,stpRNG,7948.3,-1,0.0999999999994543,BACKFILL_AUTO
2026-04-05 02:58:52,1775357932,stpRNG,7948.2,-1,0.1000000000003638,BACKFILL_AUTO
2026-04-05 02:58:53,1775357933,stpRNG,7948.1,-1,0.0999999999994543,BACKFILL_AUTO
2026-04-05 02:58:54,1775357934,stpRNG,7948.2,1,0.0999999999994543,BACKFILL_AUTO
2026-04-05 02:58:55,1775357935,stpRNG,7948.3,1,0.1000000000003638,BACKFILL_AUTO
2026-04-05 02:58:56,1775357936,stpRNG,7948.4,1,0.0999999999994543,BACKFILL_AUTO
2026-04-05 02:58:57,1775357937,stpRNG,7948.3,-1,0.0999999999994543,BACKFILL_AUTO
2026-04-05 02:58:58,1775357938,stpRNG,7948.2,-1,0.1000000000003638,BACKFILL_AUTO
2026-04-05 02:58:59,1775357939,stpRNG,7948.1,-1,0.0999999999994543,BACKFILL_AUTO
2026-04-05 02:59:00,1775357940,stpRNG,7948.0,-1,0.1000000000003638,BACKFILL_AUTO
2026-04-05 02:59:01,1775357941,stpRNG,7947.9,-1,0.1000000000003638,BACKFILL_AUTO
2026-04-05 02:59:02,1775357942,stpRNG,7947.8,-1,0.0999999999994543,BACKFILL_AUTO
2026-04-05 02:59:03,1775357943,stpRNG,7947.7,-1,0.1000000000003638,BACKFILL_AUTO
2026-04-05 02:59:04,1775357944,stpRNG,7947.6,-1,0.0999999999994543,BACKFILL_AUTO
2026-04-05 02:59:05,1775357945,stpRNG,7947.7,1,0.0999999999994543,BACKFILL_AUTO
2026-04-05 02:59:06,1775357946,stpRNG,7947.8,1,0.1000000000003638,BACKFILL_AUTO
2026-04-05 02:59:07,1775357947,stpRNG,7947.7,-1,0.1000000000003638,BACKFILL_AUTO
2026-04-05 02:59:08,1775357948,stpRNG,7947.6,-1,0.0999999999994543,BACKFILL_AUTO
2026-04-05 02:59:09,1775357949,stpRNG,7947.5,-1,0.1000000000003638,BACKFILL_AUTO
2026-04-05 02:59:10,1775357950,stpRNG,7947.6,1,0.1000000000003638,BACKFILL_AUTO
2026-04-05 02:59:11,1775357951,stpRNG,7947.7,1,0.0999999999994543,BACKFILL_AUTO
2026-04-05 02:59:12,1775357952,stpRNG,7947.6,-1,0.0999999999994543,BACKFILL_AUTO
2026-04-05 02:59:13,1775357953,stpRNG,7947.7,1,0.0999999999994543,BACKFILL_AUTO
2026-04-05 02:59:14,1775357954,stpRNG,7947.6,-1,0.0999999999994543,BACKFILL_AUTO
2026-04-05 02:59:15,1775357955,stpRNG,7947.5,-1,0.1000000000003638,BACKFILL_AUTO
2026-04-05 02:59:16,1775357956,stpRNG,7947.4,-1,0.1000000000003638,BACKFILL_AUTO
2026-04-05 02:59:17,1775357957,stpRNG,7947.5,1,0.1000000000003638,BACKFILL_AUTO
2026-04-05 02:59:18,1775357958,stpRNG,7947.4,-1,0.1000000000003638,BACKFILL_AUTO
2026-04-05 02:59:19,1775357959,stpRNG,7947.5,1,0.1000000000003638,BACKFILL_AUTO
2026-04-05 02:59:20,1775357960,stpRNG,7947.4,-1,0.1000000000003638,BACKFILL_AUTO
2026-04-05 02:59:21,1775357961,stpRNG,7947.3,-1,0.0999999999994543,BACKFILL_AUTO
2026-04-05 02:59:22,1775357962,stpRNG,7947.4,1,0.0999999999994543,BACKFILL_AUTO
2026-04-05 02:59:23,1775357963,stpRNG,7947.5,1,0.1000000000003638,BACKFILL_AUTO
2026-04-05 02:59:24,1775357964,stpRNG,7947.6,1,0.1000000000003638,BACKFILL_AUTO
2026-04-05 02:59:25,1775357965,stpRNG,7947.5,-1,0.1000000000003638,BACKFILL_AUTO
2026-04-05 02:59:26,1775357966,stpRNG,7947.4,-1,0.1000000000003638,BACKFILL_AUTO
2026-04-05 02:59:27,1775357967,stpRNG,7947.3,-1,0.0999999999994543,BACKFILL_AUTO
2026-04-05 02:59:28,1775357968,stpRNG,7947.4,1,0.0999999999994543,BACKFILL_AUTO
2026-04-05 02:59:29,1775357969,stpRNG,7947.5,1,0.1000000000003638,BACKFILL_AUTO
2026-04-05 02:59:30,1775357970,stpRNG,7947.4,-1,0.1000000000003638,BACKFILL_AUTO
2026-04-05 02:59:31,1775357971,stpRNG,7947.5,1,0.1000000000003638,BACKFILL_AUTO
2026-04-05 02:59:32,1775357972,stpRNG,7947.4,-1,0.1000000000003638,BACKFILL_AUTO
2026-04-05 02:59:33,1775357973,stpRNG,7947.3,-1,0.0999999999994543,BACKFILL_AUTO
2026-04-05 02:59:34,1775357974,stpRNG,7947.2,-1,0.1000000000003638,BACKFILL_AUTO
2026-04-05 02:59:35,1775357975,stpRNG,7947.1,-1,0.0999999999994543,BACKFILL_AUTO
2026-04-05 02:59:36,1775357976,stpRNG,7947.0,-1,0.1000000000003638,BACKFILL_AUTO
2026-04-05 02:59:37,1775357977,stpRNG,7946.9,-1,0.1000000000003638,BACKFILL_AUTO
2026-04-05 02:59:38,1775357978,stpRNG,7946.8,-1,0.0999999999994543,BACKFILL_AUTO
2026-04-05 02:59:39,1775357979,stpRNG,7946.9,1,0.0999999999994543,BACKFILL_AUTO
2026-04-05 02:59:40,1775357980,stpRNG,7946.8,-1,0.0999999999994543,BACKFILL_AUTO
2026-04-05 02:59:41,1775357981,stpRNG,7946.7,-1,0.1000000000003638,BACKFILL_AUTO
2026-04-05 02:59:42,1775357982,stpRNG,7946.8,1,0.1000000000003638,BACKFILL_AUTO
2026-04-05 02:59:43,1775357983,stpRNG,7946.7,-1,0.1000000000003638,BACKFILL_AUTO
2026-04-05 02:59:44,1775357984,stpRNG,7946.8,1,0.1000000000003638,BACKFILL_AUTO
2026-04-05 02:59:45,1775357985,stpRNG,7946.9,1,0.0999999999994543,BACKFILL_AUTO
2026-04-05 02:59:46,1775357986,stpRNG,7946.8,-1,0.0999999999994543,BACKFILL_AUTO
2026-04-05 02:59:47,1775357987,stpRNG,7946.9,1,0.0999999999994543,BACKFILL_AUTO
2026-04-05 02:59:48,1775357988,stpRNG,7947.0,1,0.1000000000003638,BACKFILL_AUTO
2026-04-05 02:59:49,1775357989,stpRNG,7947.1,1,0.1000000000003638,BACKFILL_AUTO
2026-04-05 02:59:50,1775357990,stpRNG,7947.0,-1,0.1000000000003638,BACKFILL_AUTO
2026-04-05 02:59:51,1775357991,stpRNG,7947.1,1,0.1000000000003638,BACKFILL_AUTO
2026-04-05 02:59:52,1775357992,stpRNG,7947.0,-1,0.1000000000003638,BACKFILL_AUTO
2026-04-05 02:59:53,1775357993,stpRNG,7947.1,1,0.1000000000003638,BACKFILL_AUTO
2026-04-05 02:59:54,1775357994,stpRNG,7947.2,1,0.0999999999994543,BACKFILL_AUTO
2026-04-05 02:59:55,1775357995,stpRNG,7947.3,1,0.1000000000003638,BACKFILL_AUTO
2026-04-05 02:59:56,1775357996,stpRNG,7947.4,1,0.0999999999994543,BACKFILL_AUTO
2026-04-05 02:59:57,1775357997,stpRNG,7947.5,1,0.1000000000003638,BACKFILL_AUTO
2026-04-05 02:59:58,1775357998,stpRNG,7947.4,-1,0.1000000000003638,BACKFILL_AUTO
2026-04-05 02:59:59,1775357999,stpRNG,7947.5,1,0.1000000000003638,BACKFILL_AUTO
2026-04-05 03:00:00,1775358000,stpRNG,7947.4,-1,0.1000000000003638,BACKFILL_AUTO
2026-04-05 03:00:01,1775358001,stpRNG,7947.3,-1,0.0999999999994543,BACKFILL_AUTO
2026-04-05 03:00:02,1775358002,stpRNG,7947.4,1,0.0999999999994543,BACKFILL_AUTO
2026-04-05 03:00:03,1775358003,stpRNG,7947.3,-1,0.0999999999994543,BACKFILL_AUTO
2026-04-05 03:00:04,1775358004,stpRNG,7947.4,1,0.0999999999994543,BACKFILL_AUTO
2026-04-05 03:00:05,1775358005,stpRNG,7947.5,1,0.1000000000003638,BACKFILL_AUTO
2026-04-05 03:00:06,1775358006,stpRNG,7947.6,1,0.1000000000003638,BACKFILL_AUTO
2026-04-05 03:00:07,1775358007,stpRNG,7947.5,-1,0.1000000000003638,BACKFILL_AUTO
2026-04-05 03:00:08,1775358008,stpRNG,7947.4,-1,0.1000000000003638,BACKFILL_AUTO
2026-04-05 03:00:09,1775358009,stpRNG,7947.3,-1,0.0999999999994543,BACKFILL_AUTO
2026-04-05 03:00:10,1775358010,stpRNG,7947.4,1,0.0999999999994543,BACKFILL_AUTO
2026-04-05 03:00:11,1775358011,stpRNG,7947.5,1,0.1000000000003638,BACKFILL_AUTO
2026-04-05 03:00:12,1775358012,stpRNG,7947.6,1,0.1000000000003638,BACKFILL_AUTO
2026-04-05 03:00:13,1775358013,stpRNG,7947.5,-1,0.1000000000003638,BACKFILL_AUTO
2026-04-05 03:00:14,1775358014,stpRNG,7947.6,1,0.1000000000003638,BACKFILL_AUTO
2026-04-05 03:00:15,1775358015,stpRNG,7947.7,1,0.0999999999994543,BACKFILL_AUTO
2026-04-05 03:00:16,1775358016,stpRNG,7947.8,1,0.1000000000003638,BACKFILL_AUTO
2026-04-05 03:00:17,1775358017,stpRNG,7947.9,1,0.0999999999994543,BACKFILL_AUTO
2026-04-05 03:00:18,1775358018,stpRNG,7948.0,1,0.1000000000003638,BACKFILL_AUTO
2026-04-05 03:00:19,1775358019,stpRNG,7948.1,1,0.1000000000003638,BACKFILL_AUTO
2026-04-05 03:00:20,1775358020,stpRNG,7948.0,-1,0.1000000000003638,BACKFILL_AUTO
2026-04-05 03:00:21,1775358021,stpRNG,7947.9,-1,0.1000000000003638,BACKFILL_AUTO
2026-04-05 03:00:22,1775358022,stpRNG,7947.8,-1,0.0999999999994543,BACKFILL_AUTO
2026-04-05 03:00:23,1775358023,stpRNG,7947.9,1,0.0999999999994543,BACKFILL_AUTO
2026-04-05 03:00:24,1775358024,stpRNG,7948.0,1,0.1000000000003638,BACKFILL_AUTO
2026-04-05 03:00:25,1775358025,stpRNG,7948.1,1,0.1000000000003638,BACKFILL_AUTO
2026-04-05 03:00:26,1775358026,stpRNG,7948.0,-1,0.1000000000003638,BACKFILL_AUTO
2026-04-05 03:00:27,1775358027,stpRNG,7948.1,1,0.1000000000003638,BACKFILL_AUTO
2026-04-05 03:00:28,1775358028,stpRNG,7948.2,1,0.0999999999994543,BACKFILL_AUTO
2026-04-05 03:00:29,1775358029,stpRNG,7948.3,1,0.1000000000003638,BACKFILL_AUTO
2026-04-05 03:00:30,1775358030,stpRNG,7948.4,1,0.0999999999994543,BACKFILL_AUTO
2026-04-05 03:00:31,1775358031,stpRNG,7948.5,1,0.1000000000003638,BACKFILL_AUTO
2026-04-05 03:00:32,1775358032,stpRNG,7948.6,1,0.1000000000003638,BACKFILL_AUTO
2026-04-05 03:00:33,1775358033,stpRNG,7948.5,-1,0.1000000000003638,BACKFILL_AUTO
2026-04-05 03:00:34,1775358034,stpRNG,7948.6,1,0.1000000000003638,BACKFILL_AUTO
2026-04-05 03:00:35,1775358035,stpRNG,7948.7,1,0.0999999999994543,BACKFILL_AUTO
2026-04-05 03:00:36,1775358036,stpRNG,7948.6,-1,0.0999999999994543,BACKFILL_AUTO
2026-04-05 03:00:37,1775358037,stpRNG,7948.5,-1,0.1000000000003638,BACKFILL_AUTO
2026-04-05 03:00:38,1775358038,stpRNG,7948.6,1,0.1000000000003638,BACKFILL_AUTO
2026-04-05 03:00:39,1775358039,stpRNG,7948.7,1,0.0999999999994543,BACKFILL_AUTO
2026-04-05 03:00:40,1775358040,stpRNG,7948.8,1,0.1000000000003638,BACKFILL_AUTO
2026-04-05 03:00:41,1775358041,stpRNG,7948.7,-1,0.1000000000003638,BACKFILL_AUTO
2026-04-05 03:00:42,1775358042,stpRNG,7948.6,-1,0.0999999999994543,BACKFILL_AUTO
2026-04-05 03:00:43,1775358043,stpRNG,7948.7,1,0.0999999999994543,BACKFILL_AUTO
2026-04-05 03:00:44,1775358044,stpRNG,7948.8,1,0.1000000000003638,BACKFILL_AUTO
2026-04-05 03:00:45,1775358045,stpRNG,7948.7,-1,0.1000000000003638,BACKFILL_AUTO
2026-04-05 03:00:46,1775358046,stpRNG,7948.6,-1,0.0999999999994543,BACKFILL_AUTO
2026-04-05 03:00:47,1775358047,stpRNG,7948.7,1,0.0999999999994543,BACKFILL_AUTO
2026-04-05 03:00:48,1775358048,stpRNG,7948.6,-1,0.0999999999994543,BACKFILL_AUTO
2026-04-05 03:00:49,1775358049,stpRNG,7948.5,-1,0.1000000000003638,BACKFILL_AUTO
2026-04-05 03:00:50,1775358050,stpRNG,7948.6,1,0.1000000000003638,BACKFILL_AUTO
2026-04-05 03:00:51,1775358051,stpRNG,7948.7,1,0.0999999999994543,BACKFILL_AUTO
2026-04-05 03:00:52,1775358052,stpRNG,7948.6,-1,0.0999999999994543,BACKFILL_AUTO
2026-04-05 03:00:53,1775358053,stpRNG,7948.7,1,0.0999999999994543,BACKFILL_AUTO
2026-04-05 03:00:54,1775358054,stpRNG,7948.8,1,0.1000000000003638,BACKFILL_AUTO
2026-04-05 03:00:55,1775358055,stpRNG,7948.9,1,0.0999999999994543,BACKFILL_AUTO
2026-04-05 03:00:56,1775358056,stpRNG,7948.8,-1,0.0999999999994543,BACKFILL_AUTO
2026-04-05 03:00:57,1775358057,stpRNG,7948.7,-1,0.1000000000003638,BACKFILL_AUTO
2026-04-05 03:00:58,1775358058,stpRNG,7948.8,1,0.1000000000003638,BACKFILL_AUTO
2026-04-05 03:00:59,1775358059,stpRNG,7948.7,-1,0.1000000000003638,BACKFILL_AUTO
2026-04-05 03:01:00,1775358060,stpRNG,7948.6,-1,0.0999999999994543,BACKFILL_AUTO
2026-04-05 03:01:01,1775358061,stpRNG,7948.7,1,0.0999999999994543,BACKFILL_AUTO
2026-04-05 03:01:02,1775358062,stpRNG,7948.8,1,0.1000000000003638,BACKFILL_AUTO
2026-04-05 03:01:03,1775358063,stpRNG,7948.7,-1,0.1000000000003638,BACKFILL_AUTO
2026-04-05 03:01:04,1775358064,stpRNG,7948.6,-1,0.0999999999994543,BACKFILL_AUTO
2026-04-05 03:01:05,1775358065,stpRNG,7948.5,-1,0.1000000000003638,BACKFILL_AUTO
2026-04-05 03:01:06,1775358066,stpRNG,7948.6,1,0.1000000000003638,BACKFILL_AUTO
2026-04-05 03:01:07,1775358067,stpRNG,7948.7,1,0.0999999999994543,BACKFILL_AUTO
2026-04-05 03:01:08,1775358068,stpRNG,7948.6,-1,0.0999999999994543,BACKFILL_AUTO
2026-04-05 03:01:09,1775358069,stpRNG,7948.7,1,0.0999999999994543,BACKFILL_AUTO
2026-04-05 03:01:10,1775358070,stpRNG,7948.8,1,0.1000000000003638,BACKFILL_AUTO
2026-04-05 03:01:11,1775358071,stpRNG,7948.9,1,0.0999999999994543,BACKFILL_AUTO
2026-04-05 03:01:12,1775358072,stpRNG,7949.0,1,0.1000000000003638,BACKFILL_AUTO
2026-04-05 03:01:13,1775358073,stpRNG,7948.9,-1,0.1000000000003638,BACKFILL_AUTO
2026-04-05 03:01:14,1775358074,stpRNG,7949.0,1,0.1000000000003638,BACKFILL_AUTO
2026-04-05 03:01:15,1775358075,stpRNG,7948.9,-1,0.1000000000003638,BACKFILL_AUTO
2026-04-05 03:01:16,1775358076,stpRNG,7949.0,1,0.1000000000003638,BACKFILL_AUTO
2026-04-05 03:01:17,1775358077,stpRNG,7949.1,1,0.1000000000003638,BACKFILL_AUTO
2026-04-05 03:01:18,1775358078,stpRNG,7949.0,-1,0.1000000000003638,BACKFILL_AUTO
2026-04-05 03:01:19,1775358079,stpRNG,7948.9,-1,0.1000000000003638,BACKFILL_AUTO
2026-04-05 03:01:20,1775358080,stpRNG,7949.0,1,0.1000000000003638,BACKFILL_AUTO
2026-04-05 03:01:21,1775358081,stpRNG,7948.9,-1,0.1000000000003638,BACKFILL_AUTO
2026-04-05 03:01:22,1775358082,stpRNG,7948.8,-1,0.0999999999994543,BACKFILL_AUTO
2026-04-05 03:01:23,1775358083,stpRNG,7948.7,-1,0.1000000000003638,BACKFILL_AUTO
2026-04-05 03:01:24,1775358084,stpRNG,7948.8,1,0.1000000000003638,BACKFILL_AUTO
2026-04-05 03:01:25,1775358085,stpRNG,7948.9,1,0.0999999999994543,BACKFILL_AUTO
2026-04-05 03:01:26,1775358086,stpRNG,7948.8,-1,0.0999999999994543,BACKFILL_AUTO
2026-04-05 03:01:27,1775358087,stpRNG,7948.9,1,0.0999999999994543,BACKFILL_AUTO
2026-04-05 03:01:28,1775358088,stpRNG,7949.0,1,0.1000000000003638,BACKFILL_AUTO
2026-04-05 03:01:29,1775358089,stpRNG,7949.1,1,0.1000000000003638,BACKFILL_AUTO
2026-04-05 03:01:30,1775358090,stpRNG,7949.0,-1,0.1000000000003638,BACKFILL_AUTO
2026-04-05 03:01:31,1775358091,stpRNG,7949.1,1,0.1000000000003638,BACKFILL_AUTO
2026-04-05 03:01:32,1775358092,stpRNG,7949.0,-1,0.1000000000003638,BACKFILL_AUTO
2026-04-05 03:01:33,1775358093,stpRNG,7949.1,1,0.1000000000003638,BACKFILL_AUTO
2026-04-05 03:01:34,1775358094,stpRNG,7949.2,1,0.0999999999994543,BACKFILL_AUTO
2026-04-05 03:01:35,1775358095,stpRNG,7949.1,-1,0.0999999999994543,BACKFILL_AUTO
2026-04-05 03:01:36,1775358096,stpRNG,7949.2,1,0.0999999999994543,BACKFILL_AUTO
2026-04-05 03:01:37,1775358097,stpRNG,7949.3,1,0.1000000000003638,BACKFILL_AUTO
2026-04-05 03:01:38,1775358098,stpRNG,7949.2,-1,0.1000000000003638,BACKFILL_AUTO
2026-04-05 03:01:39,1775358099,stpRNG,7949.1,-1,0.0999999999994543,BACKFILL_AUTO
2026-04-05 03:01:40,1775358100,stpRNG,7949.2,1,0.0999999999994543,BACKFILL_AUTO
2026-04-05 03:01:41,1775358101,stpRNG,7949.3,1,0.1000000000003638,BACKFILL_AUTO
2026-04-05 03:01:42,1775358102,stpRNG,7949.2,-1,0.1000000000003638,BACKFILL_AUTO
2026-04-05 03:01:43,1775358103,stpRNG,7949.3,1,0.1000000000003638,BACKFILL_AUTO
2026-04-05 03:01:44,1775358104,stpRNG,7949.2,-1,0.1000000000003638,BACKFILL_AUTO
2026-04-05 03:01:45,1775358105,stpRNG,7949.1,-1,0.0999999999994543,BACKFILL_AUTO
2026-04-05 03:01:46,1775358106,stpRNG,7949.2,1,0.0999999999994543,BACKFILL_AUTO
2026-04-05 03:01:47,1775358107,stpRNG,7949.3,1,0.1000000000003638,BACKFILL_AUTO
2026-04-05 03:01:48,1775358108,stpRNG,7949.2,-1,0.1000000000003638,BACKFILL_AUTO
2026-04-05 03:01:49,1775358109,stpRNG,7949.1,-1,0.0999999999994543,BACKFILL_AUTO
2026-04-05 03:01:50,1775358110,stpRNG,7949.2,1,0.0999999999994543,BACKFILL_AUTO
2026-04-05 03:01:51,1775358111,stpRNG,7949.1,-1,0.0999999999994543,BACKFILL_AUTO
2026-04-05 03:01:52,1775358112,stpRNG,7949.2,1,0.0999999999994543,BACKFILL_AUTO
2026-04-05 03:01:53,1775358113,stpRNG,7949.1,-1,0.0999999999994543,BACKFILL_AUTO
2026-04-05 03:01:54,1775358114,stpRNG,7949.0,-1,0.1000000000003638,BACKFILL_AUTO
2026-04-05 03:01:55,1775358115,stpRNG,7949.1,1,0.1000000000003638,BACKFILL_AUTO
2026-04-05 03:01:56,1775358116,stpRNG,7949.2,1,0.0999999999994543,BACKFILL_AUTO
2026-04-05 03:01:57,1775358117,stpRNG,7949.1,-1,0.0999999999994543,BACKFILL_AUTO
2026-04-05 03:01:58,1775358118,stpRNG,7949.0,-1,0.1000000000003638,BACKFILL_AUTO
2026-04-05 03:01:59,1775358119,stpRNG,7949.1,1,0.1000000000003638,BACKFILL_AUTO
2026-04-05 03:02:00,1775358120,stpRNG,7949.2,1,0.0999999999994543,BACKFILL_AUTO
2026-04-05 03:02:01,1775358121,stpRNG,7949.3,1,0.1000000000003638,BACKFILL_AUTO
2026-04-05 03:02:02,1775358122,stpRNG,7949.4,1,0.0999999999994543,BACKFILL_AUTO
2026-04-05 03:02:03,1775358123,stpRNG,7949.5,1,0.1000000000003638,BACKFILL_AUTO
2026-04-05 03:02:04,1775358124,stpRNG,7949.6,1,0.1000000000003638,BACKFILL_AUTO
2026-04-05 03:02:05,1775358125,stpRNG,7949.5,-1,0.1000000000003638,BACKFILL_AUTO
2026-04-05 03:02:06,1775358126,stpRNG,7949.4,-1,0.1000000000003638,BACKFILL_AUTO
2026-04-05 03:02:07,1775358127,stpRNG,7949.3,-1,0.0999999999994543,BACKFILL_AUTO
2026-04-05 03:02:08,1775358128,stpRNG,7949.4,1,0.0999999999994543,BACKFILL_AUTO
2026-04-05 03:02:09,1775358129,stpRNG,7949.5,1,0.1000000000003638,BACKFILL_AUTO
2026-04-05 03:02:10,1775358130,stpRNG,7949.4,-1,0.1000000000003638,BACKFILL_AUTO
2026-04-05 03:02:11,1775358131,stpRNG,7949.3,-1,0.0999999999994543,BACKFILL_AUTO
2026-04-05 03:02:12,1775358132,stpRNG,7949.4,1,0.0999999999994543,BACKFILL_AUTO
2026-04-05 03:02:13,1775358133,stpRNG,7949.3,-1,0.0999999999994543,BACKFILL_AUTO
2026-04-05 03:02:14,1775358134,stpRNG,7949.2,-1,0.1000000000003638,BACKFILL_AUTO
2026-04-05 03:02:15,1775358135,stpRNG,7949.3,1,0.1000000000003638,BACKFILL_AUTO
2026-04-05 03:02:16,1775358136,stpRNG,7949.2,-1,0.1000000000003638,BACKFILL_AUTO
2026-04-05 03:02:17,1775358137,stpRNG,7949.3,1,0.1000000000003638,BACKFILL_AUTO
2026-04-05 03:02:18,1775358138,stpRNG,7949.4,1,0.0999999999994543,BACKFILL_AUTO
2026-04-05 03:02:19,1775358139,stpRNG,7949.5,1,0.1000000000003638,BACKFILL_AUTO
2026-04-05 03:02:20,1775358140,stpRNG,7949.4,-1,0.1000000000003638,BACKFILL_AUTO
2026-04-05 03:02:21,1775358141,stpRNG,7949.3,-1,0.0999999999994543,BACKFILL_AUTO
2026-04-05 03:02:22,1775358142,stpRNG,7949.2,-1,0.1000000000003638,BACKFILL_AUTO
2026-04-05 03:02:23,1775358143,stpRNG,7949.3,1,0.1000000000003638,BACKFILL_AUTO
2026-04-05 03:02:24,1775358144,stpRNG,7949.4,1,0.0999999999994543,BACKFILL_AUTO
2026-04-05 03:02:25,1775358145,stpRNG,7949.3,-1,0.0999999999994543,BACKFILL_AUTO
2026-04-05 03:02:26,1775358146,stpRNG,7949.4,1,0.0999999999994543,BACKFILL_AUTO
2026-04-05 03:02:27,1775358147,stpRNG,7949.5,1,0.1000000000003638,BACKFILL_AUTO
2026-04-05 03:02:28,1775358148,stpRNG,7949.4,-1,0.1000000000003638,BACKFILL_AUTO
2026-04-05 03:02:29,1775358149,stpRNG,7949.5,1,0.1000000000003638,BACKFILL_AUTO
2026-04-05 03:02:30,1775358150,stpRNG,7949.4,-1,0.1000000000003638,BACKFILL_AUTO
2026-04-05 03:02:31,1775358151,stpRNG,7949.5,1,0.1000000000003638,BACKFILL_AUTO
2026-04-05 03:02:32,1775358152,stpRNG,7949.4,-1,0.1000000000003638,BACKFILL_AUTO
2026-04-05 03:02:33,1775358153,stpRNG,7949.3,-1,0.0999999999994543,BACKFILL_AUTO
2026-04-05 03:02:34,1775358154,stpRNG,7949.4,1,0.0999999999994543,BACKFILL_AUTO
2026-04-05 03:02:35,1775358155,stpRNG,7949.3,-1,0.0999999999994543,BACKFILL_AUTO
2026-04-05 03:02:36,1775358156,stpRNG,7949.2,-1,0.1000000000003638,BACKFILL_AUTO
2026-04-05 03:02:37,1775358157,stpRNG,7949.3,1,0.1000000000003638,BACKFILL_AUTO
2026-04-05 03:02:38,1775358158,stpRNG,7949.4,1,0.0999999999994543,BACKFILL_AUTO
2026-04-05 03:02:39,1775358159,stpRNG,7949.3,-1,0.0999999999994543,BACKFILL_AUTO
2026-04-05 03:02:40,1775358160,stpRNG,7949.4,1,0.0999999999994543,BACKFILL_AUTO
2026-04-05 03:02:41,1775358161,stpRNG,7949.5,1,0.1000000000003638,BACKFILL_AUTO
2026-04-05 03:02:42,1775358162,stpRNG,7949.4,-1,0.1000000000003638,BACKFILL_AUTO
2026-04-05 03:02:43,1775358163,stpRNG,7949.3,-1,0.0999999999994543,BACKFILL_AUTO
2026-04-05 03:02:44,1775358164,stpRNG,7949.2,-1,0.1000000000003638,BACKFILL_AUTO
2026-04-05 03:02:45,1775358165,stpRNG,7949.1,-1,0.0999999999994543,BACKFILL_AUTO
2026-04-05 03:02:46,1775358166,stpRNG,7949.0,-1,0.1000000000003638,BACKFILL_AUTO
2026-04-05 03:02:47,1775358167,stpRNG,7949.1,1,0.1000000000003638,BACKFILL_AUTO
2026-04-05 03:02:48,1775358168,stpRNG,7949.2,1,0.0999999999994543,BACKFILL_AUTO
2026-04-05 03:02:49,1775358169,stpRNG,7949.3,1,0.1000000000003638,BACKFILL_AUTO
2026-04-05 03:02:50,1775358170,stpRNG,7949.4,1,0.0999999999994543,BACKFILL_AUTO
2026-04-05 03:02:51,1775358171,stpRNG,7949.3,-1,0.0999999999994543,BACKFILL_AUTO
2026-04-05 03:02:52,1775358172,stpRNG,7949.4,1,0.0999999999994543,BACKFILL_AUTO
2026-04-05 03:02:53,1775358173,stpRNG,7949.5,1,0.1000000000003638,BACKFILL_AUTO
2026-04-05 03:02:54,1775358174,stpRNG,7949.6,1,0.1000000000003638,BACKFILL_AUTO
2026-04-05 03:02:55,1775358175,stpRNG,7949.7,1,0.0999999999994543,BACKFILL_AUTO
2026-04-05 03:02:56,1775358176,stpRNG,7949.8,1,0.1000000000003638,BACKFILL_AUTO
2026-04-05 03:02:57,1775358177,stpRNG,7949.9,1,0.0999999999994543,BACKFILL_AUTO
2026-04-05 03:02:58,1775358178,stpRNG,7949.8,-1,0.0999999999994543,BACKFILL_AUTO
2026-04-05 03:02:59,1775358179,stpRNG,7949.9,1,0.0999999999994543,BACKFILL_AUTO
2026-04-05 03:03:00,1775358180,stpRNG,7949.8,-1,0.0999999999994543,BACKFILL_AUTO
2026-04-05 03:03:01,1775358181,stpRNG,7949.9,1,0.0999999999994543,BACKFILL_AUTO
2026-04-05 03:03:02,1775358182,stpRNG,7949.8,-1,0.0999999999994543,BACKFILL_AUTO
2026-04-05 03:03:03,1775358183,stpRNG,7949.7,-1,0.1000000000003638,BACKFILL_AUTO
2026-04-05 03:03:04,1775358184,stpRNG,7949.8,1,0.1000000000003638,BACKFILL_AUTO
2026-04-05 03:03:05,1775358185,stpRNG,7949.7,-1,0.1000000000003638,BACKFILL_AUTO
2026-04-05 03:03:06,1775358186,stpRNG,7949.6,-1,0.0999999999994543,BACKFILL_AUTO
2026-04-05 03:03:07,1775358187,stpRNG,7949.5,-1,0.1000000000003638,BACKFILL_AUTO
2026-04-05 03:03:08,1775358188,stpRNG,7949.6,1,0.1000000000003638,BACKFILL_AUTO
2026-04-05 03:03:09,1775358189,stpRNG,7949.5,-1,0.1000000000003638,BACKFILL_AUTO
2026-04-05 03:03:10,1775358190,stpRNG,7949.4,-1,0.1000000000003638,BACKFILL_AUTO
2026-04-05 03:03:11,1775358191,stpRNG,7949.3,-1,0.0999999999994543,BACKFILL_AUTO
2026-04-05 03:03:12,1775358192,stpRNG,7949.4,1,0.0999999999994543,BACKFILL_AUTO
2026-04-05 03:03:13,1775358193,stpRNG,7949.5,1,0.1000000000003638,BACKFILL_AUTO
2026-04-05 03:03:14,1775358194,stpRNG,7949.6,1,0.1000000000003638,BACKFILL_AUTO
2026-04-05 03:03:15,1775358195,stpRNG,7949.5,-1,0.1000000000003638,BACKFILL_AUTO
2026-04-05 03:03:16,1775358196,stpRNG,7949.4,-1,0.1000000000003638,BACKFILL_AUTO
2026-04-05 03:03:17,1775358197,stpRNG,7949.5,1,0.1000000000003638,BACKFILL_AUTO
2026-04-05 03:03:18,1775358198,stpRNG,7949.6,1,0.1000000000003638,BACKFILL_AUTO
2026-04-05 03:03:19,1775358199,stpRNG,7949.7,1,0.0999999999994543,BACKFILL_AUTO
2026-04-05 03:03:20,1775358200,stpRNG,7949.6,-1,0.0999999999994543,BACKFILL_AUTO
2026-04-05 03:03:21,1775358201,stpRNG,7949.7,1,0.0999999999994543,BACKFILL_AUTO
2026-04-05 03:03:22,1775358202,stpRNG,7949.6,-1,0.0999999999994543,BACKFILL_AUTO
2026-04-05 03:03:23,1775358203,stpRNG,7949.5,-1,0.1000000000003638,BACKFILL_AUTO
2026-04-05 03:03:24,1775358204,stpRNG,7949.6,1,0.1000000000003638,BACKFILL_AUTO
2026-04-05 03:03:25,1775358205,stpRNG,7949.5,-1,0.1000000000003638,BACKFILL_AUTO
2026-04-05 03:03:26,1775358206,stpRNG,7949.4,-1,0.1000000000003638,BACKFILL_AUTO
2026-04-05 03:03:27,1775358207,stpRNG,7949.3,-1,0.0999999999994543,BACKFILL_AUTO
2026-04-05 03:03:28,1775358208,stpRNG,7949.4,1,0.0999999999994543,BACKFILL_AUTO
2026-04-05 03:03:29,1775358209,stpRNG,7949.5,1,0.1000000000003638,BACKFILL_AUTO
2026-04-05 03:03:30,1775358210,stpRNG,7949.4,-1,0.1000000000003638,BACKFILL_AUTO
2026-04-05 03:03:31,1775358211,stpRNG,7949.3,-1,0.0999999999994543,BACKFILL_AUTO
2026-04-05 03:03:32,1775358212,stpRNG,7949.2,-1,0.1000000000003638,BACKFILL_AUTO
2026-04-05 03:03:33,1775358213,stpRNG,7949.3,1,0.1000000000003638,BACKFILL_AUTO
2026-04-05 03:03:34,1775358214,stpRNG,7949.4,1,0.0999999999994543,BACKFILL_AUTO
2026-04-05 03:03:35,1775358215,stpRNG,7949.3,-1,0.0999999999994543,BACKFILL_AUTO
2026-04-05 03:03:36,1775358216,stpRNG,7949.2,-1,0.1000000000003638,BACKFILL_AUTO
2026-04-05 03:03:37,1775358217,stpRNG,7949.3,1,0.1000000000003638,BACKFILL_AUTO
2026-04-05 03:03:38,1775358218,stpRNG,7949.2,-1,0.1000000000003638,BACKFILL_AUTO
2026-04-05 03:03:39,1775358219,stpRNG,7949.1,-1,0.0999999999994543,BACKFILL_AUTO
2026-04-05 03:03:40,1775358220,stpRNG,7949.0,-1,0.1000000000003638,BACKFILL_AUTO
2026-04-05 03:03:41,1775358221,stpRNG,7949.1,1,0.1000000000003638,BACKFILL_AUTO
2026-04-05 03:03:42,1775358222,stpRNG,7949.0,-1,0.1000000000003638,BACKFILL_AUTO
2026-04-05 03:03:43,1775358223,stpRNG,7948.9,-1,0.1000000000003638,BACKFILL_AUTO
2026-04-05 03:03:44,1775358224,stpRNG,7949.0,1,0.1000000000003638,BACKFILL_AUTO
2026-04-05 03:03:45,1775358225,stpRNG,7948.9,-1,0.1000000000003638,BACKFILL_AUTO
2026-04-05 03:03:46,1775358226,stpRNG,7948.8,-1,0.0999999999994543,BACKFILL_AUTO
2026-04-05 03:03:47,1775358227,stpRNG,7948.7,-1,0.1000000000003638,BACKFILL_AUTO
2026-04-05 03:03:48,1775358228,stpRNG,7948.6,-1,0.0999999999994543,BACKFILL_AUTO
2026-04-05 03:03:49,1775358229,stpRNG,7948.5,-1,0.1000000000003638,BACKFILL_AUTO
2026-04-05 03:03:50,1775358230,stpRNG,7948.4,-1,0.1000000000003638,BACKFILL_AUTO
2026-04-05 03:03:51,1775358231,stpRNG,7948.5,1,0.1000000000003638,BACKFILL_AUTO
2026-04-05 03:03:52,1775358232,stpRNG,7948.4,-1,0.1000000000003638,BACKFILL_AUTO
2026-04-05 03:03:53,1775358233,stpRNG,7948.3,-1,0.0999999999994543,BACKFILL_AUTO
2026-04-05 03:03:54,1775358234,stpRNG,7948.4,1,0.0999999999994543,BACKFILL_AUTO
2026-04-05 03:03:55,1775358235,stpRNG,7948.5,1,0.1000000000003638,BACKFILL_AUTO
2026-04-05 03:03:56,1775358236,stpRNG,7948.6,1,0.1000000000003638,BACKFILL_AUTO
2026-04-05 03:03:57,1775358237,stpRNG,7948.7,1,0.0999999999994543,BACKFILL_AUTO
2026-04-05 03:03:58,1775358238,stpRNG,7948.8,1,0.1000000000003638,BACKFILL_AUTO
2026-04-05 03:03:59,1775358239,stpRNG,7948.9,1,0.0999999999994543,BACKFILL_AUTO
2026-04-05 03:04:00,1775358240,stpRNG,7949.0,1,0.1000000000003638,BACKFILL_AUTO
2026-04-05 03:04:01,1775358241,stpRNG,7948.9,-1,0.1000000000003638,BACKFILL_AUTO
2026-04-05 03:04:02,1775358242,stpRNG,7948.8,-1,0.0999999999994543,BACKFILL_AUTO
2026-04-05 03:04:03,1775358243,stpRNG,7948.9,1,0.0999999999994543,BACKFILL_AUTO
2026-04-05 03:04:04,1775358244,stpRNG,7948.8,-1,0.0999999999994543,BACKFILL_AUTO
2026-04-05 03:04:05,1775358245,stpRNG,7948.9,1,0.0999999999994543,BACKFILL_AUTO
2026-04-05 03:04:06,1775358246,stpRNG,7948.8,-1,0.0999999999994543,BACKFILL_AUTO
2026-04-05 03:04:07,1775358247,stpRNG,7948.7,-1,0.1000000000003638,BACKFILL_AUTO
2026-04-05 03:04:08,1775358248,stpRNG,7948.8,1,0.1000000000003638,BACKFILL_AUTO
2026-04-05 03:04:09,1775358249,stpRNG,7948.9,1,0.0999999999994543,BACKFILL_AUTO
2026-04-05 03:04:10,1775358250,stpRNG,7948.8,-1,0.0999999999994543,BACKFILL_AUTO
2026-04-05 03:04:11,1775358251,stpRNG,7948.9,1,0.0999999999994543,BACKFILL_AUTO
2026-04-05 03:04:12,1775358252,stpRNG,7949.0,1,0.1000000000003638,BACKFILL_AUTO
2026-04-05 03:04:13,1775358253,stpRNG,7949.1,1,0.1000000000003638,BACKFILL_AUTO
2026-04-05 03:04:14,1775358254,stpRNG,7949.2,1,0.0999999999994543,BACKFILL_AUTO
2026-04-05 03:04:15,1775358255,stpRNG,7949.3,1,0.1000000000003638,BACKFILL_AUTO
2026-04-05 03:04:16,1775358256,stpRNG,7949.4,1,0.0999999999994543,BACKFILL_AUTO
2026-04-05 03:04:17,1775358257,stpRNG,7949.5,1,0.1000000000003638,BACKFILL_AUTO
2026-04-05 03:04:18,1775358258,stpRNG,7949.6,1,0.1000000000003638,BACKFILL_AUTO
2026-04-05 03:04:19,1775358259,stpRNG,7949.5,-1,0.1000000000003638,BACKFILL_AUTO
2026-04-05 03:04:20,1775358260,stpRNG,7949.4,-1,0.1000000000003638,BACKFILL_AUTO
2026-04-05 03:04:21,1775358261,stpRNG,7949.3,-1,0.0999999999994543,BACKFILL_AUTO
2026-04-05 03:04:22,1775358262,stpRNG,7949.2,-1,0.1000000000003638,BACKFILL_AUTO
2026-04-05 03:04:23,1775358263,stpRNG,7949.1,-1,0.0999999999994543,BACKFILL_AUTO
2026-04-05 03:04:24,1775358264,stpRNG,7949.2,1,0.0999999999994543,BACKFILL_AUTO
2026-04-05 03:04:25,1775358265,stpRNG,7949.3,1,0.1000000000003638,BACKFILL_AUTO
2026-04-05 03:04:26,1775358266,stpRNG,7949.4,1,0.0999999999994543,BACKFILL_AUTO
2026-04-05 03:04:27,1775358267,stpRNG,7949.3,-1,0.0999999999994543,BACKFILL_AUTO
2026-04-05 03:04:28,1775358268,stpRNG,7949.4,1,0.0999999999994543,BACKFILL_AUTO
2026-04-05 03:04:29,1775358269,stpRNG,7949.5,1,0.1000000000003638,BACKFILL_AUTO
2026-04-05 03:04:30,1775358270,stpRNG,7949.4,-1,0.1000000000003638,BACKFILL_AUTO
2026-04-05 03:04:31,1775358271,stpRNG,7949.3,-1,0.0999999999994543,BACKFILL_AUTO
2026-04-05 03:04:32,1775358272,stpRNG,7949.2,-1,0.1000000000003638,BACKFILL_AUTO
2026-04-05 03:04:33,1775358273,stpRNG,7949.1,-1,0.0999999999994543,BACKFILL_AUTO
2026-04-05 03:04:34,1775358274,stpRNG,7949.2,1,0.0999999999994543,BACKFILL_AUTO
2026-04-05 03:04:35,1775358275,stpRNG,7949.3,1,0.1000000000003638,BACKFILL_AUTO
2026-04-05 03:04:36,1775358276,stpRNG,7949.2,-1,0.1000000000003638,BACKFILL_AUTO
2026-04-05 03:04:37,1775358277,stpRNG,7949.3,1,0.1000000000003638,BACKFILL_AUTO
2026-04-05 03:04:38,1775358278,stpRNG,7949.2,-1,0.1000000000003638,BACKFILL_AUTO
2026-04-05 03:04:39,1775358279,stpRNG,7949.1,-1,0.0999999999994543,BACKFILL_AUTO
2026-04-05 03:04:40,1775358280,stpRNG,7949.2,1,0.0999999999994543,BACKFILL_AUTO
2026-04-05 03:04:41,1775358281,stpRNG,7949.3,1,0.1000000000003638,BACKFILL_AUTO
2026-04-05 03:04:42,1775358282,stpRNG,7949.4,1,0.0999999999994543,BACKFILL_AUTO
2026-04-05 03:04:43,1775358283,stpRNG,7949.3,-1,0.0999999999994543,BACKFILL_AUTO
2026-04-05 03:04:44,1775358284,stpRNG,7949.2,-1,0.1000000000003638,BACKFILL_AUTO
2026-04-05 03:04:45,1775358285,stpRNG,7949.1,-1,0.0999999999994543,BACKFILL_AUTO
2026-04-05 03:04:46,1775358286,stpRNG,7949.0,-1,0.1000000000003638,BACKFILL_AUTO
2026-04-05 03:04:47,1775358287,stpRNG,7949.1,1,0.1000000000003638,BACKFILL_AUTO
2026-04-05 03:04:48,1775358288,stpRNG,7949.0,-1,0.1000000000003638,BACKFILL_AUTO
2026-04-05 03:04:49,1775358289,stpRNG,7948.9,-1,0.1000000000003638,BACKFILL_AUTO
2026-04-05 03:04:50,1775358290,stpRNG,7948.8,-1,0.0999999999994543,BACKFILL_AUTO
2026-04-05 03:04:51,1775358291,stpRNG,7948.9,1,0.0999999999994543,BACKFILL_AUTO
2026-04-05 03:04:52,1775358292,stpRNG,7948.8,-1,0.0999999999994543,BACKFILL_AUTO
2026-04-05 03:04:53,1775358293,stpRNG,7948.9,1,0.0999999999994543,BACKFILL_AUTO
2026-04-05 03:04:54,1775358294,stpRNG,7948.8,-1,0.0999999999994543,BACKFILL_AUTO
2026-04-05 03:04:55,1775358295,stpRNG,7948.7,-1,0.1000000000003638,BACKFILL_AUTO
2026-04-05 03:04:56,1775358296,stpRNG,7948.8,1,0.1000000000003638,BACKFILL_AUTO
2026-04-05 03:04:57,1775358297,stpRNG,7948.7,-1,0.1000000000003638,BACKFILL_AUTO
2026-04-05 03:04:58,1775358298,stpRNG,7948.6,-1,0.0999999999994543,BACKFILL_AUTO
2026-04-05 03:04:59,1775358299,stpRNG,7948.5,-1,0.1000000000003638,BACKFILL_AUTO
2026-04-05 03:05:00,1775358300,stpRNG,7948.4,-1,0.1000000000003638,BACKFILL_AUTO
2026-04-05 03:05:01,1775358301,stpRNG,7948.3,-1,0.0999999999994543,BACKFILL_AUTO
2026-04-05 03:05:02,1775358302,stpRNG,7948.2,-1,0.1000000000003638,BACKFILL_AUTO
2026-04-05 03:05:03,1775358303,stpRNG,7948.1,-1,0.0999999999994543,BACKFILL_AUTO
2026-04-05 03:05:04,1775358304,stpRNG,7948.2,1,0.0999999999994543,BACKFILL_AUTO
2026-04-05 03:05:05,1775358305,stpRNG,7948.3,1,0.1000000000003638,BACKFILL_AUTO
2026-04-05 03:05:06,1775358306,stpRNG,7948.2,-1,0.1000000000003638,BACKFILL_AUTO
2026-04-05 03:05:07,1775358307,stpRNG,7948.1,-1,0.0999999999994543,BACKFILL_AUTO
2026-04-05 03:05:08,1775358308,stpRNG,7948.2,1,0.0999999999994543,BACKFILL_AUTO
2026-04-05 03:05:09,1775358309,stpRNG,7948.3,1,0.1000000000003638,BACKFILL_AUTO
2026-04-05 03:05:10,1775358310,stpRNG,7948.2,-1,0.1000000000003638,BACKFILL_AUTO
2026-04-05 03:05:11,1775358311,stpRNG,7948.3,1,0.1000000000003638,BACKFILL_AUTO
2026-04-05 03:05:12,1775358312,stpRNG,7948.2,-1,0.1000000000003638,BACKFILL_AUTO
2026-04-05 03:05:13,1775358313,stpRNG,7948.3,1,0.1000000000003638,BACKFILL_AUTO
2026-04-05 03:05:14,1775358314,stpRNG,7948.4,1,0.0999999999994543,BACKFILL_AUTO
2026-04-05 03:05:15,1775358315,stpRNG,7948.3,-1,0.0999999999994543,BACKFILL_AUTO
2026-04-05 03:05:16,1775358316,stpRNG,7948.2,-1,0.1000000000003638,BACKFILL_AUTO
2026-04-05 03:05:17,1775358317,stpRNG,7948.3,1,0.1000000000003638,BACKFILL_AUTO
2026-04-05 03:05:18,1775358318,stpRNG,7948.4,1,0.0999999999994543,BACKFILL_AUTO
2026-04-05 03:05:19,1775358319,stpRNG,7948.5,1,0.1000000000003638,BACKFILL_AUTO
2026-04-05 03:05:20,1775358320,stpRNG,7948.6,1,0.1000000000003638,BACKFILL_AUTO
2026-04-05 03:05:21,1775358321,stpRNG,7948.7,1,0.0999999999994543,BACKFILL_AUTO
2026-04-05 03:05:22,1775358322,stpRNG,7948.6,-1,0.0999999999994543,BACKFILL_AUTO
2026-04-05 03:05:23,1775358323,stpRNG,7948.7,1,0.0999999999994543,BACKFILL_AUTO
2026-04-05 03:05:24,1775358324,stpRNG,7948.6,-1,0.0999999999994543,BACKFILL_AUTO
2026-04-05 03:05:25,1775358325,stpRNG,7948.7,1,0.0999999999994543,BACKFILL_AUTO
2026-04-05 03:05:26,1775358326,stpRNG,7948.8,1,0.1000000000003638,BACKFILL_AUTO
2026-04-05 03:05:27,1775358327,stpRNG,7948.7,-1,0.1000000000003638,BACKFILL_AUTO
2026-04-05 03:05:28,1775358328,stpRNG,7948.6,-1,0.0999999999994543,BACKFILL_AUTO
2026-04-05 03:05:29,1775358329,stpRNG,7948.7,1,0.0999999999994543,BACKFILL_AUTO
2026-04-05 03:05:30,1775358330,stpRNG,7948.6,-1,0.0999999999994543,BACKFILL_AUTO
2026-04-05 03:05:31,1775358331,stpRNG,7948.7,1,0.0999999999994543,BACKFILL_AUTO
2026-04-05 03:05:32,1775358332,stpRNG,7948.8,1,0.1000000000003638,BACKFILL_AUTO
2026-04-05 03:05:33,1775358333,stpRNG,7948.9,1,0.0999999999994543,BACKFILL_AUTO
2026-04-05 03:05:34,1775358334,stpRNG,7948.8,-1,0.0999999999994543,BACKFILL_AUTO
2026-04-05 03:05:35,1775358335,stpRNG,7948.7,-1,0.1000000000003638,BACKFILL_AUTO
2026-04-05 03:05:36,1775358336,stpRNG,7948.8,1,0.1000000000003638,BACKFILL_AUTO
2026-04-05 03:05:37,1775358337,stpRNG,7948.7,-1,0.1000000000003638,BACKFILL_AUTO
2026-04-05 03:05:38,1775358338,stpRNG,7948.6,-1,0.0999999999994543,BACKFILL_AUTO
2026-04-05 03:05:39,1775358339,stpRNG,7948.5,-1,0.1000000000003638,BACKFILL_AUTO
2026-04-05 03:05:40,1775358340,stpRNG,7948.6,1,0.1000000000003638,BACKFILL_AUTO
2026-04-05 03:05:41,1775358341,stpRNG,7948.7,1,0.0999999999994543,BACKFILL_AUTO
2026-04-05 03:05:42,1775358342,stpRNG,7948.8,1,0.1000000000003638,BACKFILL_AUTO
2026-04-05 03:05:43,1775358343,stpRNG,7948.9,1,0.0999999999994543,BACKFILL_AUTO
2026-04-05 03:05:44,1775358344,stpRNG,7948.8,-1,0.0999999999994543,BACKFILL_AUTO
2026-04-05 03:05:45,1775358345,stpRNG,7948.9,1,0.0999999999994543,BACKFILL_AUTO
2026-04-05 03:05:46,1775358346,stpRNG,7948.8,-1,0.0999999999994543,BACKFILL_AUTO
2026-04-05 03:05:47,1775358347,stpRNG,7948.9,1,0.0999999999994543,BACKFILL_AUTO
2026-04-05 03:05:48,1775358348,stpRNG,7949.0,1,0.1000000000003638,BACKFILL_AUTO
2026-04-05 03:05:49,1775358349,stpRNG,7949.1,1,0.1000000000003638,BACKFILL_AUTO
2026-04-05 03:05:50,1775358350,stpRNG,7949.0,-1,0.1000000000003638,BACKFILL_AUTO
2026-04-05 03:05:51,1775358351,stpRNG,7949.1,1,0.1000000000003638,BACKFILL_AUTO
2026-04-05 03:05:52,1775358352,stpRNG,7949.0,-1,0.1000000000003638,BACKFILL_AUTO
2026-04-05 03:05:53,1775358353,stpRNG,7949.1,1,0.1000000000003638,BACKFILL_AUTO
2026-04-05 03:05:54,1775358354,stpRNG,7949.0,-1,0.1000000000003638,BACKFILL_AUTO
2026-04-05 03:05:55,1775358355,stpRNG,7948.9,-1,0.1000000000003638,BACKFILL_AUTO
2026-04-05 03:05:56,1775358356,stpRNG,7948.8,-1,0.0999999999994543,BACKFILL_AUTO
2026-04-05 03:05:57,1775358357,stpRNG,7948.9,1,0.0999999999994543,BACKFILL_AUTO
2026-04-05 03:05:58,1775358358,stpRNG,7949.0,1,0.1000000000003638,BACKFILL_AUTO
2026-04-05 03:05:59,1775358359,stpRNG,7949.1,1,0.1000000000003638,BACKFILL_AUTO
2026-04-05 03:06:00,1775358360,stpRNG,7949.2,1,0.0999999999994543,BACKFILL_AUTO
2026-04-05 03:06:01,1775358361,stpRNG,7949.3,1,0.1000000000003638,BACKFILL_AUTO
2026-04-05 03:06:02,1775358362,stpRNG,7949.2,-1,0.1000000000003638,BACKFILL_AUTO
2026-04-05 03:06:03,1775358363,stpRNG,7949.1,-1,0.0999999999994543,BACKFILL_AUTO
2026-04-05 03:06:04,1775358364,stpRNG,7949.2,1,0.0999999999994543,BACKFILL_AUTO
2026-04-05 03:06:05,1775358365,stpRNG,7949.1,-1,0.0999999999994543,BACKFILL_AUTO
2026-04-05 03:06:06,1775358366,stpRNG,7949.0,-1,0.1000000000003638,BACKFILL_AUTO
2026-04-05 03:06:07,1775358367,stpRNG,7949.1,1,0.1000000000003638,BACKFILL_AUTO
2026-04-05 03:06:08,1775358368,stpRNG,7949.2,1,0.0999999999994543,BACKFILL_AUTO
2026-04-05 03:06:09,1775358369,stpRNG,7949.1,-1,0.0999999999994543,BACKFILL_AUTO
2026-04-05 03:06:10,1775358370,stpRNG,7949.2,1,0.0999999999994543,BACKFILL_AUTO
2026-04-05 03:06:11,1775358371,stpRNG,7949.3,1,0.1000000000003638,BACKFILL_AUTO
2026-04-05 03:06:12,1775358372,stpRNG,7949.2,-1,0.1000000000003638,BACKFILL_AUTO
2026-04-05 03:06:13,1775358373,stpRNG,7949.1,-1,0.0999999999994543,BACKFILL_AUTO
2026-04-05 03:06:14,1775358374,stpRNG,7949.0,-1,0.1000000000003638,BACKFILL_AUTO
2026-04-05 03:06:15,1775358375,stpRNG,7949.1,1,0.1000000000003638,BACKFILL_AUTO
2026-04-05 03:06:16,1775358376,stpRNG,7949.2,1,0.0999999999994543,BACKFILL_AUTO
2026-04-05 03:06:17,1775358377,stpRNG,7949.1,-1,0.0999999999994543,BACKFILL_AUTO
2026-04-05 03:06:18,1775358378,stpRNG,7949.2,1,0.0999999999994543,BACKFILL_AUTO
2026-04-05 03:06:19,1775358379,stpRNG,7949.3,1,0.1000000000003638,BACKFILL_AUTO
2026-04-05 03:06:20,1775358380,stpRNG,7949.2,-1,0.1000000000003638,BACKFILL_AUTO
2026-04-05 03:06:21,1775358381,stpRNG,7949.3,1,0.1000000000003638,BACKFILL_AUTO
2026-04-05 03:06:22,1775358382,stpRNG,7949.4,1,0.0999999999994543,BACKFILL_AUTO
2026-04-05 03:06:23,1775358383,stpRNG,7949.3,-1,0.0999999999994543,BACKFILL_AUTO
2026-04-05 03:06:24,1775358384,stpRNG,7949.4,1,0.0999999999994543,BACKFILL_AUTO
2026-04-05 03:06:25,1775358385,stpRNG,7949.5,1,0.1000000000003638,BACKFILL_AUTO
2026-04-05 03:06:26,1775358386,stpRNG,7949.4,-1,0.1000000000003638,BACKFILL_AUTO
2026-04-05 03:06:27,1775358387,stpRNG,7949.5,1,0.1000000000003638,BACKFILL_AUTO
2026-04-05 03:06:28,1775358388,stpRNG,7949.4,-1,0.1000000000003638,BACKFILL_AUTO
2026-04-05 03:06:29,1775358389,stpRNG,7949.5,1,0.1000000000003638,BACKFILL_AUTO
2026-04-05 03:06:30,1775358390,stpRNG,7949.6,1,0.1000000000003638,BACKFILL_AUTO
2026-04-05 03:06:31,1775358391,stpRNG,7949.5,-1,0.1000000000003638,BACKFILL_AUTO
2026-04-05 03:06:32,1775358392,stpRNG,7949.6,1,0.1000000000003638,BACKFILL_AUTO
2026-04-05 03:06:33,1775358393,stpRNG,7949.5,-1,0.1000000000003638,BACKFILL_AUTO
2026-04-05 03:06:34,1775358394,stpRNG,7949.6,1,0.1000000000003638,BACKFILL_AUTO
2026-04-05 03:06:35,1775358395,stpRNG,7949.7,1,0.0999999999994543,BACKFILL_AUTO
2026-04-05 03:06:36,1775358396,stpRNG,7949.8,1,0.1000000000003638,BACKFILL_AUTO
2026-04-05 03:06:37,1775358397,stpRNG,7949.9,1,0.0999999999994543,BACKFILL_AUTO
2026-04-05 03:06:38,1775358398,stpRNG,7950.0,1,0.1000000000003638,BACKFILL_AUTO
2026-04-05 03:06:39,1775358399,stpRNG,7950.1,1,0.1000000000003638,BACKFILL_AUTO
2026-04-05 03:06:40,1775358400,stpRNG,7950.0,-1,0.1000000000003638,BACKFILL_AUTO
2026-04-05 03:06:41,1775358401,stpRNG,7949.9,-1,0.1000000000003638,BACKFILL_AUTO
2026-04-05 03:06:42,1775358402,stpRNG,7949.8,-1,0.0999999999994543,BACKFILL_AUTO
2026-04-05 03:06:43,1775358403,stpRNG,7949.7,-1,0.1000000000003638,BACKFILL_AUTO
2026-04-05 03:06:44,1775358404,stpRNG,7949.8,1,0.1000000000003638,BACKFILL_AUTO
2026-04-05 03:06:45,1775358405,stpRNG,7949.7,-1,0.1000000000003638,BACKFILL_AUTO
2026-04-05 03:06:46,1775358406,stpRNG,7949.8,1,0.1000000000003638,BACKFILL_AUTO
2026-04-05 03:06:47,1775358407,stpRNG,7949.9,1,0.0999999999994543,BACKFILL_AUTO
2026-04-05 03:06:48,1775358408,stpRNG,7950.0,1,0.1000000000003638,BACKFILL_AUTO
2026-04-05 03:06:49,1775358409,stpRNG,7949.9,-1,0.1000000000003638,BACKFILL_AUTO
2026-04-05 03:06:50,1775358410,stpRNG,7949.8,-1,0.0999999999994543,BACKFILL_AUTO
2026-04-05 03:06:51,1775358411,stpRNG,7949.9,1,0.0999999999994543,BACKFILL_AUTO
2026-04-05 03:06:52,1775358412,stpRNG,7950.0,1,0.1000000000003638,BACKFILL_AUTO
2026-04-05 03:06:53,1775358413,stpRNG,7949.9,-1,0.1000000000003638,BACKFILL_AUTO
2026-04-05 03:06:54,1775358414,stpRNG,7949.8,-1,0.0999999999994543,BACKFILL_AUTO
2026-04-05 03:06:55,1775358415,stpRNG,7949.9,1,0.0999999999994543,BACKFILL_AUTO
2026-04-05 03:06:56,1775358416,stpRNG,7950.0,1,0.1000000000003638,BACKFILL_AUTO
2026-04-05 03:06:57,1775358417,stpRNG,7949.9,-1,0.1000000000003638,BACKFILL_AUTO
2026-04-05 03:06:58,1775358418,stpRNG,7949.8,-1,0.0999999999994543,BACKFILL_AUTO
2026-04-05 03:06:59,1775358419,stpRNG,7949.9,1,0.0999999999994543,BACKFILL_AUTO
2026-04-05 03:07:00,1775358420,stpRNG,7949.8,-1,0.0999999999994543,BACKFILL_AUTO
2026-04-05 03:07:01,1775358421,stpRNG,7949.9,1,0.0999999999994543,BACKFILL_AUTO
2026-04-05 03:07:02,1775358422,stpRNG,7950.0,1,0.1000000000003638,BACKFILL_AUTO
2026-04-05 03:07:03,1775358423,stpRNG,7949.9,-1,0.1000000000003638,BACKFILL_AUTO
2026-04-05 03:07:04,1775358424,stpRNG,7949.8,-1,0.0999999999994543,BACKFILL_AUTO
2026-04-05 03:07:05,1775358425,stpRNG,7949.9,1,0.0999999999994543,BACKFILL_AUTO
2026-04-05 03:07:06,1775358426,stpRNG,7950.0,1,0.1000000000003638,BACKFILL_AUTO
2026-04-05 03:07:07,1775358427,stpRNG,7949.9,-1,0.1000000000003638,BACKFILL_AUTO
2026-04-05 03:07:08,1775358428,stpRNG,7950.0,1,0.1000000000003638,BACKFILL_AUTO
2026-04-05 03:07:09,1775358429,stpRNG,7949.9,-1,0.1000000000003638,BACKFILL_AUTO
2026-04-05 03:07:10,1775358430,stpRNG,7950.0,1,0.1000000000003638,BACKFILL_AUTO
2026-04-05 03:07:11,1775358431,stpRNG,7949.9,-1,0.1000000000003638,BACKFILL_AUTO
2026-04-05 03:07:12,1775358432,stpRNG,7949.8,-1,0.0999999999994543,BACKFILL_AUTO
2026-04-05 03:07:13,1775358433,stpRNG,7949.9,1,0.0999999999994543,BACKFILL_AUTO
2026-04-05 03:07:14,1775358434,stpRNG,7949.8,-1,0.0999999999994543,BACKFILL_AUTO
2026-04-05 03:07:15,1775358435,stpRNG,7949.7,-1,0.1000000000003638,BACKFILL_AUTO
2026-04-05 03:07:16,1775358436,stpRNG,7949.8,1,0.1000000000003638,BACKFILL_AUTO
2026-04-05 03:07:17,1775358437,stpRNG,7949.9,1,0.0999999999994543,BACKFILL_AUTO
2026-04-05 03:07:18,1775358438,stpRNG,7949.8,-1,0.0999999999994543,BACKFILL_AUTO
2026-04-05 03:07:19,1775358439,stpRNG,7949.7,-1,0.1000000000003638,BACKFILL_AUTO
2026-04-05 03:07:20,1775358440,stpRNG,7949.8,1,0.1000000000003638,BACKFILL_AUTO
2026-04-05 03:07:21,1775358441,stpRNG,7949.9,1,0.0999999999994543,BACKFILL_AUTO
2026-04-05 03:07:22,1775358442,stpRNG,7950.0,1,0.1000000000003638,BACKFILL_AUTO
2026-04-05 03:07:23,1775358443,stpRNG,7950.1,1,0.1000000000003638,BACKFILL_AUTO
2026-04-05 03:07:24,1775358444,stpRNG,7950.0,-1,0.1000000000003638,BACKFILL_AUTO
2026-04-05 03:07:25,1775358445,stpRNG,7949.9,-1,0.1000000000003638,BACKFILL_AUTO
2026-04-05 03:07:26,1775358446,stpRNG,7950.0,1,0.1000000000003638,BACKFILL_AUTO
2026-04-05 03:07:27,1775358447,stpRNG,7950.1,1,0.1000000000003638,BACKFILL_AUTO
2026-04-05 03:07:28,1775358448,stpRNG,7950.0,-1,0.1000000000003638,BACKFILL_AUTO
2026-04-05 03:07:29,1775358449,stpRNG,7950.1,1,0.1000000000003638,BACKFILL_AUTO
2026-04-05 03:07:30,1775358450,stpRNG,7950.0,-1,0.1000000000003638,BACKFILL_AUTO
2026-04-05 03:07:31,1775358451,stpRNG,7950.1,1,0.1000000000003638,BACKFILL_AUTO
2026-04-05 03:07:32,1775358452,stpRNG,7950.0,-1,0.1000000000003638,BACKFILL_AUTO
2026-04-05 03:07:33,1775358453,stpRNG,7950.1,1,0.1000000000003638,BACKFILL_AUTO
2026-04-05 03:07:34,1775358454,stpRNG,7950.0,-1,0.1000000000003638,BACKFILL_AUTO
2026-04-05 03:07:35,1775358455,stpRNG,7949.9,-1,0.1000000000003638,BACKFILL_AUTO
2026-04-05 03:07:36,1775358456,stpRNG,7950.0,1,0.1000000000003638,BACKFILL_AUTO
2026-04-05 03:07:37,1775358457,stpRNG,7950.1,1,0.1000000000003638,BACKFILL_AUTO
2026-04-05 03:07:38,1775358458,stpRNG,7950.0,-1,0.1000000000003638,BACKFILL_AUTO
2026-04-05 03:07:39,1775358459,stpRNG,7950.1,1,0.1000000000003638,BACKFILL_AUTO
2026-04-05 03:07:40,1775358460,stpRNG,7950.0,-1,0.1000000000003638,BACKFILL_AUTO
2026-04-05 03:07:41,1775358461,stpRNG,7950.1,1,0.1000000000003638,BACKFILL_AUTO
2026-04-05 03:07:42,1775358462,stpRNG,7950.2,1,0.0999999999994543,BACKFILL_AUTO
2026-04-05 03:07:43,1775358463,stpRNG,7950.1,-1,0.0999999999994543,BACKFILL_AUTO
2026-04-05 03:07:44,1775358464,stpRNG,7950.2,1,0.0999999999994543,BACKFILL_AUTO
2026-04-05 03:07:45,1775358465,stpRNG,7950.1,-1,0.0999999999994543,BACKFILL_AUTO
2026-04-05 03:07:46,1775358466,stpRNG,7950.2,1,0.0999999999994543,BACKFILL_AUTO
2026-04-05 03:07:47,1775358467,stpRNG,7950.1,-1,0.0999999999994543,BACKFILL_AUTO
2026-04-05 03:07:48,1775358468,stpRNG,7950.2,1,0.0999999999994543,BACKFILL_AUTO
2026-04-05 03:07:49,1775358469,stpRNG,7950.3,1,0.1000000000003638,BACKFILL_AUTO
2026-04-05 03:07:50,1775358470,stpRNG,7950.2,-1,0.1000000000003638,BACKFILL_AUTO
2026-04-05 03:07:51,1775358471,stpRNG,7950.1,-1,0.0999999999994543,BACKFILL_AUTO
2026-04-05 03:07:52,1775358472,stpRNG,7950.2,1,0.0999999999994543,BACKFILL_AUTO
2026-04-05 03:07:53,1775358473,stpRNG,7950.1,-1,0.0999999999994543,BACKFILL_AUTO
2026-04-05 03:07:54,1775358474,stpRNG,7950.2,1,0.0999999999994543,BACKFILL_AUTO
2026-04-05 03:07:55,1775358475,stpRNG,7950.1,-1,0.0999999999994543,BACKFILL_AUTO
2026-04-05 03:07:56,1775358476,stpRNG,7950.0,-1,0.1000000000003638,BACKFILL_AUTO
2026-04-05 03:07:57,1775358477,stpRNG,7950.1,1,0.1000000000003638,BACKFILL_AUTO
2026-04-05 03:07:58,1775358478,stpRNG,7950.0,-1,0.1000000000003638,BACKFILL_AUTO
2026-04-05 03:07:59,1775358479,stpRNG,7949.9,-1,0.1000000000003638,BACKFILL_AUTO
2026-04-05 03:08:00,1775358480,stpRNG,7949.8,-1,0.0999999999994543,BACKFILL_AUTO
2026-04-05 03:08:01,1775358481,stpRNG,7949.7,-1,0.1000000000003638,BACKFILL_AUTO
2026-04-05 03:08:02,1775358482,stpRNG,7949.8,1,0.1000000000003638,BACKFILL_AUTO
2026-04-05 03:08:03,1775358483,stpRNG,7949.9,1,0.0999999999994543,BACKFILL_AUTO
2026-04-05 03:08:04,1775358484,stpRNG,7949.8,-1,0.0999999999994543,BACKFILL_AUTO
2026-04-05 03:08:05,1775358485,stpRNG,7949.7,-1,0.1000000000003638,BACKFILL_AUTO
2026-04-05 03:08:06,1775358486,stpRNG,7949.8,1,0.1000000000003638,BACKFILL_AUTO
2026-04-05 03:08:07,1775358487,stpRNG,7949.9,1,0.0999999999994543,BACKFILL_AUTO
2026-04-05 03:08:08,1775358488,stpRNG,7950.0,1,0.1000000000003638,BACKFILL_AUTO
2026-04-05 03:08:09,1775358489,stpRNG,7949.9,-1,0.1000000000003638,BACKFILL_AUTO
2026-04-05 03:08:10,1775358490,stpRNG,7950.0,1,0.1000000000003638,BACKFILL_AUTO
2026-04-05 03:08:11,1775358491,stpRNG,7949.9,-1,0.1000000000003638,BACKFILL_AUTO
2026-04-05 03:08:12,1775358492,stpRNG,7949.8,-1,0.0999999999994543,BACKFILL_AUTO
2026-04-05 03:08:13,1775358493,stpRNG,7949.9,1,0.0999999999994543,BACKFILL_AUTO
2026-04-05 03:08:14,1775358494,stpRNG,7950.0,1,0.1000000000003638,BACKFILL_AUTO
2026-04-05 03:08:15,1775358495,stpRNG,7949.9,-1,0.1000000000003638,BACKFILL_AUTO
2026-04-05 03:08:16,1775358496,stpRNG,7950.0,1,0.1000000000003638,BACKFILL_AUTO
2026-04-05 03:08:17,1775358497,stpRNG,7949.9,-1,0.1000000000003638,BACKFILL_AUTO
2026-04-05 03:08:18,1775358498,stpRNG,7950.0,1,0.1000000000003638,BACKFILL_AUTO
2026-04-05 03:08:19,1775358499,stpRNG,7950.1,1,0.1000000000003638,BACKFILL_AUTO
2026-04-05 03:08:20,1775358500,stpRNG,7950.0,-1,0.1000000000003638,BACKFILL_AUTO
2026-04-05 03:08:21,1775358501,stpRNG,7949.9,-1,0.1000000000003638,BACKFILL_AUTO
2026-04-05 03:08:22,1775358502,stpRNG,7950.0,1,0.1000000000003638,BACKFILL_AUTO
2026-04-05 03:08:23,1775358503,stpRNG,7949.9,-1,0.1000000000003638,BACKFILL_AUTO
2026-04-05 03:08:24,1775358504,stpRNG,7950.0,1,0.1000000000003638,BACKFILL_AUTO
2026-04-05 03:08:25,1775358505,stpRNG,7950.1,1,0.1000000000003638,BACKFILL_AUTO
2026-04-05 03:08:26,1775358506,stpRNG,7950.0,-1,0.1000000000003638,BACKFILL_AUTO
2026-04-05 03:08:27,1775358507,stpRNG,7950.1,1,0.1000000000003638,BACKFILL_AUTO
2026-04-05 03:08:28,1775358508,stpRNG,7950.0,-1,0.1000000000003638,BACKFILL_AUTO
2026-04-05 03:08:29,1775358509,stpRNG,7949.9,-1,0.1000000000003638,BACKFILL_AUTO
2026-04-05 03:08:30,1775358510,stpRNG,7949.8,-1,0.0999999999994543,BACKFILL_AUTO
2026-04-05 03:08:31,1775358511,stpRNG,7949.7,-1,0.1000000000003638,BACKFILL_AUTO
2026-04-05 03:08:32,1775358512,stpRNG,7949.8,1,0.1000000000003638,BACKFILL_AUTO
2026-04-05 03:08:33,1775358513,stpRNG,7949.9,1,0.0999999999994543,BACKFILL_AUTO
2026-04-05 03:08:34,1775358514,stpRNG,7950.0,1,0.1000000000003638,BACKFILL_AUTO
2026-04-05 03:08:35,1775358515,stpRNG,7950.1,1,0.1000000000003638,BACKFILL_AUTO
2026-04-05 03:08:36,1775358516,stpRNG,7950.2,1,0.0999999999994543,BACKFILL_AUTO
2026-04-05 03:08:37,1775358517,stpRNG,7950.3,1,0.1000000000003638,BACKFILL_AUTO
2026-04-05 03:08:38,1775358518,stpRNG,7950.2,-1,0.1000000000003638,BACKFILL_AUTO
2026-04-05 03:08:39,1775358519,stpRNG,7950.1,-1,0.0999999999994543,BACKFILL_AUTO
2026-04-05 03:08:40,1775358520,stpRNG,7950.0,-1,0.1000000000003638,BACKFILL_AUTO
2026-04-05 03:08:41,1775358521,stpRNG,7949.9,-1,0.1000000000003638,BACKFILL_AUTO
2026-04-05 03:08:42,1775358522,stpRNG,7949.8,-1,0.0999999999994543,BACKFILL_AUTO
2026-04-05 03:08:43,1775358523,stpRNG,7949.7,-1,0.1000000000003638,BACKFILL_AUTO
2026-04-05 03:08:44,1775358524,stpRNG,7949.8,1,0.1000000000003638,BACKFILL_AUTO
2026-04-05 03:08:45,1775358525,stpRNG,7949.9,1,0.0999999999994543,BACKFILL_AUTO
2026-04-05 03:08:46,1775358526,stpRNG,7950.0,1,0.1000000000003638,BACKFILL_AUTO
2026-04-05 03:08:47,1775358527,stpRNG,7950.1,1,0.1000000000003638,BACKFILL_AUTO
2026-04-05 03:08:48,1775358528,stpRNG,7950.2,1,0.0999999999994543,BACKFILL_AUTO
2026-04-05 03:08:49,1775358529,stpRNG,7950.3,1,0.1000000000003638,BACKFILL_AUTO
2026-04-05 03:08:50,1775358530,stpRNG,7950.2,-1,0.1000000000003638,BACKFILL_AUTO
2026-04-05 03:08:51,1775358531,stpRNG,7950.1,-1,0.0999999999994543,BACKFILL_AUTO
2026-04-05 03:08:52,1775358532,stpRNG,7950.2,1,0.0999999999994543,BACKFILL_AUTO
2026-04-05 03:08:53,1775358533,stpRNG,7950.3,1,0.1000000000003638,BACKFILL_AUTO
2026-04-05 03:08:54,1775358534,stpRNG,7950.2,-1,0.1000000000003638,BACKFILL_AUTO
2026-04-05 03:08:55,1775358535,stpRNG,7950.3,1,0.1000000000003638,BACKFILL_AUTO
2026-04-05 03:08:56,1775358536,stpRNG,7950.2,-1,0.1000000000003638,BACKFILL_AUTO
2026-04-05 03:08:57,1775358537,stpRNG,7950.3,1,0.1000000000003638,BACKFILL_AUTO
2026-04-05 03:08:58,1775358538,stpRNG,7950.2,-1,0.1000000000003638,BACKFILL_AUTO
2026-04-05 03:08:59,1775358539,stpRNG,7950.1,-1,0.0999999999994543,BACKFILL_AUTO
2026-04-05 03:09:00,1775358540,stpRNG,7950.0,-1,0.1000000000003638,BACKFILL_AUTO
2026-04-05 03:09:01,1775358541,stpRNG,7949.9,-1,0.1000000000003638,BACKFILL_AUTO
2026-04-05 03:09:02,1775358542,stpRNG,7950.0,1,0.1000000000003638,BACKFILL_AUTO
2026-04-05 03:09:03,1775358543,stpRNG,7950.1,1,0.1000000000003638,BACKFILL_AUTO
2026-04-05 03:09:04,1775358544,stpRNG,7950.0,-1,0.1000000000003638,BACKFILL_AUTO
2026-04-05 03:09:05,1775358545,stpRNG,7949.9,-1,0.1000000000003638,BACKFILL_AUTO
2026-04-05 03:09:06,1775358546,stpRNG,7949.8,-1,0.0999999999994543,BACKFILL_AUTO
2026-04-05 03:09:07,1775358547,stpRNG,7949.7,-1,0.1000000000003638,BACKFILL_AUTO
2026-04-05 03:09:08,1775358548,stpRNG,7949.6,-1,0.0999999999994543,BACKFILL_AUTO
2026-04-05 03:09:09,1775358549,stpRNG,7949.5,-1,0.1000000000003638,BACKFILL_AUTO
2026-04-05 03:09:10,1775358550,stpRNG,7949.4,-1,0.1000000000003638,BACKFILL_AUTO
2026-04-05 03:09:11,1775358551,stpRNG,7949.3,-1,0.0999999999994543,BACKFILL_AUTO
2026-04-05 03:09:12,1775358552,stpRNG,7949.4,1,0.0999999999994543,BACKFILL_AUTO
2026-04-05 03:09:13,1775358553,stpRNG,7949.5,1,0.1000000000003638,BACKFILL_AUTO
2026-04-05 03:09:14,1775358554,stpRNG,7949.6,1,0.1000000000003638,BACKFILL_AUTO
2026-04-05 03:09:15,1775358555,stpRNG,7949.7,1,0.0999999999994543,BACKFILL_AUTO
2026-04-05 03:09:16,1775358556,stpRNG,7949.6,-1,0.0999999999994543,BACKFILL_AUTO
2026-04-05 03:09:17,1775358557,stpRNG,7949.5,-1,0.1000000000003638,BACKFILL_AUTO
2026-04-05 03:09:18,1775358558,stpRNG,7949.4,-1,0.1000000000003638,BACKFILL_AUTO
2026-04-05 03:09:19,1775358559,stpRNG,7949.5,1,0.1000000000003638,BACKFILL_AUTO
2026-04-05 03:09:20,1775358560,stpRNG,7949.4,-1,0.1000000000003638,BACKFILL_AUTO
2026-04-05 03:09:21,1775358561,stpRNG,7949.3,-1,0.0999999999994543,BACKFILL_AUTO
2026-04-05 03:09:22,1775358562,stpRNG,7949.4,1,0.0999999999994543,BACKFILL_AUTO
2026-04-05 03:09:23,1775358563,stpRNG,7949.3,-1,0.0999999999994543,BACKFILL_AUTO
2026-04-05 03:09:24,1775358564,stpRNG,7949.4,1,0.0999999999994543,BACKFILL_AUTO
2026-04-05 03:09:25,1775358565,stpRNG,7949.5,1,0.1000000000003638,BACKFILL_AUTO
2026-04-05 03:09:26,1775358566,stpRNG,7949.4,-1,0.1000000000003638,BACKFILL_AUTO
2026-04-05 03:09:27,1775358567,stpRNG,7949.5,1,0.1000000000003638,BACKFILL_AUTO
2026-04-05 03:09:28,1775358568,stpRNG,7949.6,1,0.1000000000003638,BACKFILL_AUTO
2026-04-05 03:09:29,1775358569,stpRNG,7949.5,-1,0.1000000000003638,BACKFILL_AUTO
2026-04-05 03:09:30,1775358570,stpRNG,7949.4,-1,0.1000000000003638,BACKFILL_AUTO
2026-04-05 03:09:31,1775358571,stpRNG,7949.5,1,0.1000000000003638,BACKFILL_AUTO
2026-04-05 03:09:32,1775358572,stpRNG,7949.4,-1,0.1000000000003638,BACKFILL_AUTO
2026-04-05 03:09:33,1775358573,stpRNG,7949.3,-1,0.0999999999994543,BACKFILL_AUTO
2026-04-05 03:09:34,1775358574,stpRNG,7949.2,-1,0.1000000000003638,BACKFILL_AUTO
2026-04-05 03:09:35,1775358575,stpRNG,7949.3,1,0.1000000000003638,BACKFILL_AUTO
2026-04-05 03:09:36,1775358576,stpRNG,7949.4,1,0.0999999999994543,BACKFILL_AUTO
2026-04-05 03:09:37,1775358577,stpRNG,7949.5,1,0.1000000000003638,BACKFILL_AUTO
2026-04-05 03:09:38,1775358578,stpRNG,7949.6,1,0.1000000000003638,BACKFILL_AUTO
2026-04-05 03:09:39,1775358579,stpRNG,7949.7,1,0.0999999999994543,BACKFILL_AUTO
2026-04-05 03:09:40,1775358580,stpRNG,7949.6,-1,0.0999999999994543,BACKFILL_AUTO
2026-04-05 03:09:41,1775358581,stpRNG,7949.7,1,0.0999999999994543,BACKFILL_AUTO
2026-04-05 03:09:42,1775358582,stpRNG,7949.8,1,0.1000000000003638,BACKFILL_AUTO
2026-04-05 03:09:43,1775358583,stpRNG,7949.9,1,0.0999999999994543,BACKFILL_AUTO
2026-04-05 03:09:44,1775358584,stpRNG,7949.8,-1,0.0999999999994543,BACKFILL_AUTO
2026-04-05 03:09:45,1775358585,stpRNG,7949.7,-1,0.1000000000003638,BACKFILL_AUTO
2026-04-05 03:09:46,1775358586,stpRNG,7949.8,1,0.1000000000003638,BACKFILL_AUTO
2026-04-05 03:09:47,1775358587,stpRNG,7949.9,1,0.0999999999994543,BACKFILL_AUTO
2026-04-05 03:09:48,1775358588,stpRNG,7949.8,-1,0.0999999999994543,BACKFILL_AUTO
2026-04-05 03:09:49,1775358589,stpRNG,7949.7,-1,0.1000000000003638,BACKFILL_AUTO
2026-04-05 03:09:50,1775358590,stpRNG,7949.6,-1,0.0999999999994543,BACKFILL_AUTO
2026-04-05 03:09:51,1775358591,stpRNG,7949.7,1,0.0999999999994543,BACKFILL_AUTO
2026-04-05 03:09:52,1775358592,stpRNG,7949.8,1,0.1000000000003638,BACKFILL_AUTO
2026-04-05 03:09:53,1775358593,stpRNG,7949.7,-1,0.1000000000003638,BACKFILL_AUTO
2026-04-05 03:09:54,1775358594,stpRNG,7949.8,1,0.1000000000003638,BACKFILL_AUTO
2026-04-05 03:09:55,1775358595,stpRNG,7949.7,-1,0.1000000000003638,BACKFILL_AUTO
2026-04-05 03:09:56,1775358596,stpRNG,7949.8,1,0.1000000000003638,BACKFILL_AUTO
2026-04-05 03:09:57,1775358597,stpRNG,7949.9,1,0.0999999999994543,BACKFILL_AUTO
2026-04-05 03:09:58,1775358598,stpRNG,7950.0,1,0.1000000000003638,BACKFILL_AUTO
2026-04-05 03:09:59,1775358599,stpRNG,7950.1,1,0.1000000000003638,BACKFILL_AUTO
2026-04-05 03:10:00,1775358600,stpRNG,7950.0,-1,0.1000000000003638,BACKFILL_AUTO
2026-04-05 03:10:01,1775358601,stpRNG,7950.1,1,0.1000000000003638,BACKFILL_AUTO
2026-04-05 03:10:02,1775358602,stpRNG,7950.0,-1,0.1000000000003638,BACKFILL_AUTO
2026-04-05 03:10:03,1775358603,stpRNG,7949.9,-1,0.1000000000003638,BACKFILL_AUTO
2026-04-05 03:10:04,1775358604,stpRNG,7949.8,-1,0.0999999999994543,BACKFILL_AUTO
2026-04-05 03:10:05,1775358605,stpRNG,7949.7,-1,0.1000000000003638,BACKFILL_AUTO
2026-04-05 03:10:06,1775358606,stpRNG,7949.6,-1,0.0999999999994543,BACKFILL_AUTO
2026-04-05 03:10:07,1775358607,stpRNG,7949.7,1,0.0999999999994543,BACKFILL_AUTO
2026-04-05 03:10:08,1775358608,stpRNG,7949.6,-1,0.0999999999994543,BACKFILL_AUTO
2026-04-05 03:10:09,1775358609,stpRNG,7949.7,1,0.0999999999994543,BACKFILL_AUTO
2026-04-05 03:10:10,1775358610,stpRNG,7949.8,1,0.1000000000003638,BACKFILL_AUTO
2026-04-05 03:10:11,1775358611,stpRNG,7949.9,1,0.0999999999994543,BACKFILL_AUTO
2026-04-05 03:10:12,1775358612,stpRNG,7949.8,-1,0.0999999999994543,BACKFILL_AUTO
2026-04-05 03:10:13,1775358613,stpRNG,7949.9,1,0.0999999999994543,BACKFILL_AUTO
2026-04-05 03:10:14,1775358614,stpRNG,7949.8,-1,0.0999999999994543,BACKFILL_AUTO
2026-04-05 03:10:15,1775358615,stpRNG,7949.7,-1,0.1000000000003638,BACKFILL_AUTO
2026-04-05 03:10:16,1775358616,stpRNG,7949.8,1,0.1000000000003638,BACKFILL_AUTO
2026-04-05 03:10:17,1775358617,stpRNG,7949.9,1,0.0999999999994543,BACKFILL_AUTO
2026-04-05 03:10:18,1775358618,stpRNG,7949.8,-1,0.0999999999994543,BACKFILL_AUTO
2026-04-05 03:10:19,1775358619,stpRNG,7949.7,-1,0.1000000000003638,BACKFILL_AUTO
2026-04-05 03:10:20,1775358620,stpRNG,7949.6,-1,0.0999999999994543,BACKFILL_AUTO
2026-04-05 03:10:21,1775358621,stpRNG,7949.5,-1,0.1000000000003638,BACKFILL_AUTO
2026-04-05 03:10:22,1775358622,stpRNG,7949.6,1,0.1000000000003638,BACKFILL_AUTO
2026-04-05 03:10:23,1775358623,stpRNG,7949.5,-1,0.1000000000003638,BACKFILL_AUTO
2026-04-05 03:10:24,1775358624,stpRNG,7949.6,1,0.1000000000003638,BACKFILL_AUTO
2026-04-05 03:10:25,1775358625,stpRNG,7949.7,1,0.0999999999994543,BACKFILL_AUTO
2026-04-05 03:10:26,1775358626,stpRNG,7949.6,-1,0.0999999999994543,BACKFILL_AUTO
2026-04-05 03:10:27,1775358627,stpRNG,7949.7,1,0.0999999999994543,BACKFILL_AUTO
2026-04-05 03:10:28,1775358628,stpRNG,7949.8,1,0.1000000000003638,BACKFILL_AUTO
2026-04-05 03:10:29,1775358629,stpRNG,7949.7,-1,0.1000000000003638,BACKFILL_AUTO
2026-04-05 03:10:30,1775358630,stpRNG,7949.6,-1,0.0999999999994543,BACKFILL_AUTO
2026-04-05 03:10:31,1775358631,stpRNG,7949.5,-1,0.1000000000003638,BACKFILL_AUTO
2026-04-05 03:10:32,1775358632,stpRNG,7949.6,1,0.1000000000003638,BACKFILL_AUTO
2026-04-05 03:10:33,1775358633,stpRNG,7949.5,-1,0.1000000000003638,BACKFILL_AUTO
2026-04-05 03:10:34,1775358634,stpRNG,7949.4,-1,0.1000000000003638,BACKFILL_AUTO
2026-04-05 03:10:35,1775358635,stpRNG,7949.3,-1,0.0999999999994543,BACKFILL_AUTO
2026-04-05 03:10:36,1775358636,stpRNG,7949.2,-1,0.1000000000003638,BACKFILL_AUTO
2026-04-05 03:10:37,1775358637,stpRNG,7949.3,1,0.1000000000003638,BACKFILL_AUTO
2026-04-05 03:10:38,1775358638,stpRNG,7949.2,-1,0.1000000000003638,BACKFILL_AUTO
2026-04-05 03:10:39,1775358639,stpRNG,7949.1,-1,0.0999999999994543,BACKFILL_AUTO
2026-04-05 03:10:40,1775358640,stpRNG,7949.0,-1,0.1000000000003638,BACKFILL_AUTO
2026-04-05 03:10:41,1775358641,stpRNG,7948.9,-1,0.1000000000003638,BACKFILL_AUTO
2026-04-05 03:10:42,1775358642,stpRNG,7949.0,1,0.1000000000003638,BACKFILL_AUTO
2026-04-05 03:10:43,1775358643,stpRNG,7948.9,-1,0.1000000000003638,BACKFILL_AUTO
2026-04-05 03:10:44,1775358644,stpRNG,7949.0,1,0.1000000000003638,BACKFILL_AUTO
2026-04-05 03:10:45,1775358645,stpRNG,7948.9,-1,0.1000000000003638,BACKFILL_AUTO
2026-04-05 03:10:46,1775358646,stpRNG,7949.0,1,0.1000000000003638,BACKFILL_AUTO
2026-04-05 03:10:47,1775358647,stpRNG,7949.1,1,0.1000000000003638,BACKFILL_AUTO
2026-04-05 03:10:48,1775358648,stpRNG,7949.0,-1,0.1000000000003638,BACKFILL_AUTO
2026-04-05 03:10:49,1775358649,stpRNG,7948.9,-1,0.1000000000003638,BACKFILL_AUTO
2026-04-05 03:10:50,1775358650,stpRNG,7948.8,-1,0.0999999999994543,BACKFILL_AUTO
2026-04-05 03:10:51,1775358651,stpRNG,7948.7,-1,0.1000000000003638,BACKFILL_AUTO
2026-04-05 03:10:52,1775358652,stpRNG,7948.6,-1,0.0999999999994543,BACKFILL_AUTO
2026-04-05 03:10:53,1775358653,stpRNG,7948.5,-1,0.1000000000003638,BACKFILL_AUTO
2026-04-05 03:10:54,1775358654,stpRNG,7948.4,-1,0.1000000000003638,BACKFILL_AUTO
2026-04-05 03:10:55,1775358655,stpRNG,7948.5,1,0.1000000000003638,BACKFILL_AUTO
2026-04-05 03:10:56,1775358656,stpRNG,7948.4,-1,0.1000000000003638,BACKFILL_AUTO
2026-04-05 03:10:57,1775358657,stpRNG,7948.3,-1,0.0999999999994543,BACKFILL_AUTO
2026-04-05 03:10:58,1775358658,stpRNG,7948.2,-1,0.1000000000003638,BACKFILL_AUTO
2026-04-05 03:10:59,1775358659,stpRNG,7948.1,-1,0.0999999999994543,BACKFILL_AUTO
2026-04-05 03:11:00,1775358660,stpRNG,7948.0,-1,0.1000000000003638,BACKFILL_AUTO
2026-04-05 03:11:01,1775358661,stpRNG,7947.9,-1,0.1000000000003638,BACKFILL_AUTO
2026-04-05 03:11:02,1775358662,stpRNG,7948.0,1,0.1000000000003638,BACKFILL_AUTO
2026-04-05 03:11:03,1775358663,stpRNG,7948.1,1,0.1000000000003638,BACKFILL_AUTO
2026-04-05 03:11:04,1775358664,stpRNG,7948.2,1,0.0999999999994543,BACKFILL_AUTO
2026-04-05 03:11:05,1775358665,stpRNG,7948.1,-1,0.0999999999994543,BACKFILL_AUTO
2026-04-05 03:11:06,1775358666,stpRNG,7948.2,1,0.0999999999994543,BACKFILL_AUTO
2026-04-05 03:11:07,1775358667,stpRNG,7948.3,1,0.1000000000003638,BACKFILL_AUTO
2026-04-05 03:11:08,1775358668,stpRNG,7948.2,-1,0.1000000000003638,BACKFILL_AUTO
2026-04-05 03:11:09,1775358669,stpRNG,7948.1,-1,0.0999999999994543,BACKFILL_AUTO
2026-04-05 03:11:10,1775358670,stpRNG,7948.2,1,0.0999999999994543,BACKFILL_AUTO
2026-04-05 03:11:11,1775358671,stpRNG,7948.1,-1,0.0999999999994543,BACKFILL_AUTO
2026-04-05 03:11:12,1775358672,stpRNG,7948.2,1,0.0999999999994543,BACKFILL_AUTO
2026-04-05 03:11:13,1775358673,stpRNG,7948.1,-1,0.0999999999994543,BACKFILL_AUTO
2026-04-05 03:11:14,1775358674,stpRNG,7948.0,-1,0.1000000000003638,BACKFILL_AUTO
2026-04-05 03:11:15,1775358675,stpRNG,7947.9,-1,0.1000000000003638,BACKFILL_AUTO
2026-04-05 03:11:16,1775358676,stpRNG,7948.0,1,0.1000000000003638,BACKFILL_AUTO
2026-04-05 03:11:17,1775358677,stpRNG,7948.1,1,0.1000000000003638,BACKFILL_AUTO
2026-04-05 03:11:18,1775358678,stpRNG,7948.2,1,0.0999999999994543,BACKFILL_AUTO
2026-04-05 03:11:19,1775358679,stpRNG,7948.3,1,0.1000000000003638,BACKFILL_AUTO
2026-04-05 03:11:20,1775358680,stpRNG,7948.2,-1,0.1000000000003638,BACKFILL_AUTO
2026-04-05 03:11:21,1775358681,stpRNG,7948.1,-1,0.0999999999994543,BACKFILL_AUTO
2026-04-05 03:11:22,1775358682,stpRNG,7948.2,1,0.0999999999994543,BACKFILL_AUTO
2026-04-05 03:11:23,1775358683,stpRNG,7948.1,-1,0.0999999999994543,BACKFILL_AUTO
2026-04-05 03:11:24,1775358684,stpRNG,7948.0,-1,0.1000000000003638,BACKFILL_AUTO
2026-04-05 03:11:25,1775358685,stpRNG,7947.9,-1,0.1000000000003638,BACKFILL_AUTO
2026-04-05 03:11:26,1775358686,stpRNG,7947.8,-1,0.0999999999994543,BACKFILL_AUTO
2026-04-05 03:11:27,1775358687,stpRNG,7947.9,1,0.0999999999994543,BACKFILL_AUTO
2026-04-05 03:11:28,1775358688,stpRNG,7948.0,1,0.1000000000003638,BACKFILL_AUTO
2026-04-05 03:11:29,1775358689,stpRNG,7947.9,-1,0.1000000000003638,BACKFILL_AUTO
2026-04-05 03:11:30,1775358690,stpRNG,7948.0,1,0.1000000000003638,BACKFILL_AUTO
2026-04-05 03:11:31,1775358691,stpRNG,7948.1,1,0.1000000000003638,BACKFILL_AUTO
2026-04-05 03:11:32,1775358692,stpRNG,7948.0,-1,0.1000000000003638,BACKFILL_AUTO
2026-04-05 03:11:33,1775358693,stpRNG,7947.9,-1,0.1000000000003638,BACKFILL_AUTO
2026-04-05 03:11:34,1775358694,stpRNG,7948.0,1,0.1000000000003638,BACKFILL_AUTO
2026-04-05 03:11:35,1775358695,stpRNG,7948.1,1,0.1000000000003638,BACKFILL_AUTO
2026-04-05 03:11:36,1775358696,stpRNG,7948.2,1,0.0999999999994543,BACKFILL_AUTO
2026-04-05 03:11:37,1775358697,stpRNG,7948.1,-1,0.0999999999994543,BACKFILL_AUTO
2026-04-05 03:11:38,1775358698,stpRNG,7948.0,-1,0.1000000000003638,BACKFILL_AUTO
2026-04-05 03:11:39,1775358699,stpRNG,7947.9,-1,0.1000000000003638,BACKFILL_AUTO
2026-04-05 03:11:40,1775358700,stpRNG,7947.8,-1,0.0999999999994543,BACKFILL_AUTO
2026-04-05 03:11:41,1775358701,stpRNG,7947.9,1,0.0999999999994543,BACKFILL_AUTO
2026-04-05 03:11:42,1775358702,stpRNG,7948.0,1,0.1000000000003638,BACKFILL_AUTO
2026-04-05 03:11:43,1775358703,stpRNG,7948.1,1,0.1000000000003638,BACKFILL_AUTO
2026-04-05 03:11:44,1775358704,stpRNG,7948.0,-1,0.1000000000003638,BACKFILL_AUTO
2026-04-05 03:11:45,1775358705,stpRNG,7947.9,-1,0.1000000000003638,BACKFILL_AUTO
2026-04-05 03:11:46,1775358706,stpRNG,7947.8,-1,0.0999999999994543,BACKFILL_AUTO
2026-04-05 03:11:47,1775358707,stpRNG,7947.7,-1,0.1000000000003638,BACKFILL_AUTO
2026-04-05 03:11:48,1775358708,stpRNG,7947.8,1,0.1000000000003638,BACKFILL_AUTO
2026-04-05 03:11:49,1775358709,stpRNG,7947.9,1,0.0999999999994543,BACKFILL_AUTO
2026-04-05 03:11:50,1775358710,stpRNG,7947.8,-1,0.0999999999994543,BACKFILL_AUTO
2026-04-05 03:11:51,1775358711,stpRNG,7947.9,1,0.0999999999994543,BACKFILL_AUTO
2026-04-05 03:11:52,1775358712,stpRNG,7948.0,1,0.1000000000003638,BACKFILL_AUTO
2026-04-05 03:11:53,1775358713,stpRNG,7947.9,-1,0.1000000000003638,BACKFILL_AUTO
2026-04-05 03:11:54,1775358714,stpRNG,7947.8,-1,0.0999999999994543,BACKFILL_AUTO
2026-04-05 03:11:55,1775358715,stpRNG,7947.9,1,0.0999999999994543,BACKFILL_AUTO
2026-04-05 03:11:56,1775358716,stpRNG,7947.8,-1,0.0999999999994543,BACKFILL_AUTO
2026-04-05 03:11:57,1775358717,stpRNG,7947.9,1,0.0999999999994543,BACKFILL_AUTO
2026-04-05 03:11:58,1775358718,stpRNG,7948.0,1,0.1000000000003638,BACKFILL_AUTO
2026-04-05 03:11:59,1775358719,stpRNG,7947.9,-1,0.1000000000003638,BACKFILL_AUTO
2026-04-05 03:12:00,1775358720,stpRNG,7947.8,-1,0.0999999999994543,BACKFILL_AUTO
2026-04-05 03:12:01,1775358721,stpRNG,7947.9,1,0.0999999999994543,BACKFILL_AUTO
2026-04-05 03:12:02,1775358722,stpRNG,7948.0,1,0.1000000000003638,BACKFILL_AUTO
2026-04-05 03:12:03,1775358723,stpRNG,7947.9,-1,0.1000000000003638,BACKFILL_AUTO
2026-04-05 03:12:04,1775358724,stpRNG,7947.8,-1,0.0999999999994543,BACKFILL_AUTO
2026-04-05 03:12:05,1775358725,stpRNG,7947.7,-1,0.1000000000003638,BACKFILL_AUTO
2026-04-05 03:12:06,1775358726,stpRNG,7947.6,-1,0.0999999999994543,BACKFILL_AUTO
2026-04-05 03:12:07,1775358727,stpRNG,7947.7,1,0.0999999999994543,BACKFILL_AUTO
2026-04-05 03:12:08,1775358728,stpRNG,7947.6,-1,0.0999999999994543,BACKFILL_AUTO
2026-04-05 03:12:09,1775358729,stpRNG,7947.5,-1,0.1000000000003638,BACKFILL_AUTO
2026-04-05 03:12:10,1775358730,stpRNG,7947.4,-1,0.1000000000003638,BACKFILL_AUTO
2026-04-05 03:12:11,1775358731,stpRNG,7947.5,1,0.1000000000003638,BACKFILL_AUTO
2026-04-05 03:12:12,1775358732,stpRNG,7947.6,1,0.1000000000003638,BACKFILL_AUTO
2026-04-05 03:12:13,1775358733,stpRNG,7947.7,1,0.0999999999994543,BACKFILL_AUTO
2026-04-05 03:12:14,1775358734,stpRNG,7947.8,1,0.1000000000003638,BACKFILL_AUTO
2026-04-05 03:12:15,1775358735,stpRNG,7947.7,-1,0.1000000000003638,BACKFILL_AUTO
2026-04-05 03:12:16,1775358736,stpRNG,7947.8,1,0.1000000000003638,BACKFILL_AUTO
2026-04-05 03:12:17,1775358737,stpRNG,7947.7,-1,0.1000000000003638,BACKFILL_AUTO
2026-04-05 03:12:18,1775358738,stpRNG,7947.8,1,0.1000000000003638,BACKFILL_AUTO
2026-04-05 03:12:19,1775358739,stpRNG,7947.7,-1,0.1000000000003638,BACKFILL_AUTO
2026-04-05 03:12:20,1775358740,stpRNG,7947.6,-1,0.0999999999994543,BACKFILL_AUTO
2026-04-05 03:12:21,1775358741,stpRNG,7947.5,-1,0.1000000000003638,BACKFILL_AUTO
2026-04-05 03:12:22,1775358742,stpRNG,7947.6,1,0.1000000000003638,BACKFILL_AUTO
2026-04-05 03:12:23,1775358743,stpRNG,7947.7,1,0.0999999999994543,BACKFILL_AUTO
2026-04-05 03:12:24,1775358744,stpRNG,7947.8,1,0.1000000000003638,BACKFILL_AUTO
2026-04-05 03:12:25,1775358745,stpRNG,7947.9,1,0.0999999999994543,BACKFILL_AUTO
2026-04-05 03:12:26,1775358746,stpRNG,7947.8,-1,0.0999999999994543,BACKFILL_AUTO
2026-04-05 03:12:27,1775358747,stpRNG,7947.7,-1,0.1000000000003638,BACKFILL_AUTO
2026-04-05 03:12:28,1775358748,stpRNG,7947.6,-1,0.0999999999994543,BACKFILL_AUTO
2026-04-05 03:12:29,1775358749,stpRNG,7947.5,-1,0.1000000000003638,BACKFILL_AUTO
2026-04-05 03:12:30,1775358750,stpRNG,7947.6,1,0.1000000000003638,BACKFILL_AUTO
2026-04-05 03:12:31,1775358751,stpRNG,7947.5,-1,0.1000000000003638,BACKFILL_AUTO
2026-04-05 03:12:32,1775358752,stpRNG,7947.4,-1,0.1000000000003638,BACKFILL_AUTO
2026-04-05 03:12:33,1775358753,stpRNG,7947.3,-1,0.0999999999994543,BACKFILL_AUTO
2026-04-05 03:12:34,1775358754,stpRNG,7947.2,-1,0.1000000000003638,BACKFILL_AUTO
2026-04-05 03:12:35,1775358755,stpRNG,7947.1,-1,0.0999999999994543,BACKFILL_AUTO
2026-04-05 03:12:36,1775358756,stpRNG,7947.2,1,0.0999999999994543,BACKFILL_AUTO
2026-04-05 03:12:37,1775358757,stpRNG,7947.3,1,0.1000000000003638,BACKFILL_AUTO
2026-04-05 03:12:38,1775358758,stpRNG,7947.2,-1,0.1000000000003638,BACKFILL_AUTO
2026-04-05 03:12:39,1775358759,stpRNG,7947.1,-1,0.0999999999994543,BACKFILL_AUTO
2026-04-05 03:12:40,1775358760,stpRNG,7947.2,1,0.0999999999994543,BACKFILL_AUTO
2026-04-05 03:12:41,1775358761,stpRNG,7947.3,1,0.1000000000003638,BACKFILL_AUTO
2026-04-05 03:12:42,1775358762,stpRNG,7947.4,1,0.0999999999994543,BACKFILL_AUTO
2026-04-05 03:12:43,1775358763,stpRNG,7947.5,1,0.1000000000003638,BACKFILL_AUTO
2026-04-05 03:12:44,1775358764,stpRNG,7947.4,-1,0.1000000000003638,BACKFILL_AUTO
2026-04-05 03:12:45,1775358765,stpRNG,7947.3,-1,0.0999999999994543,BACKFILL_AUTO
2026-04-05 03:12:46,1775358766,stpRNG,7947.4,1,0.0999999999994543,BACKFILL_AUTO
2026-04-05 03:12:47,1775358767,stpRNG,7947.5,1,0.1000000000003638,BACKFILL_AUTO
2026-04-05 03:12:48,1775358768,stpRNG,7947.4,-1,0.1000000000003638,BACKFILL_AUTO
2026-04-05 03:12:49,1775358769,stpRNG,7947.3,-1,0.0999999999994543,BACKFILL_AUTO
2026-04-05 03:12:50,1775358770,stpRNG,7947.4,1,0.0999999999994543,BACKFILL_AUTO
2026-04-05 03:12:51,1775358771,stpRNG,7947.5,1,0.1000000000003638,BACKFILL_AUTO
2026-04-05 03:12:52,1775358772,stpRNG,7947.4,-1,0.1000000000003638,BACKFILL_AUTO
2026-04-05 03:12:53,1775358773,stpRNG,7947.5,1,0.1000000000003638,BACKFILL_AUTO
2026-04-05 03:12:54,1775358774,stpRNG,7947.4,-1,0.1000000000003638,BACKFILL_AUTO
2026-04-05 03:12:55,1775358775,stpRNG,7947.3,-1,0.0999999999994543,BACKFILL_AUTO
2026-04-05 03:12:56,1775358776,stpRNG,7947.4,1,0.0999999999994543,BACKFILL_AUTO
2026-04-05 03:12:57,1775358777,stpRNG,7947.5,1,0.1000000000003638,BACKFILL_AUTO
2026-04-05 03:12:58,1775358778,stpRNG,7947.6,1,0.1000000000003638,BACKFILL_AUTO
2026-04-05 03:12:59,1775358779,stpRNG,7947.7,1,0.0999999999994543,BACKFILL_AUTO
2026-04-05 03:13:00,1775358780,stpRNG,7947.6,-1,0.0999999999994543,BACKFILL_AUTO
2026-04-05 03:13:01,1775358781,stpRNG,7947.7,1,0.0999999999994543,BACKFILL_AUTO
2026-04-05 03:13:02,1775358782,stpRNG,7947.8,1,0.1000000000003638,BACKFILL_AUTO
2026-04-05 03:13:03,1775358783,stpRNG,7947.9,1,0.0999999999994543,BACKFILL_AUTO
2026-04-05 03:13:04,1775358784,stpRNG,7947.8,-1,0.0999999999994543,BACKFILL_AUTO
2026-04-05 03:13:05,1775358785,stpRNG,7947.9,1,0.0999999999994543,BACKFILL_AUTO
2026-04-05 03:13:06,1775358786,stpRNG,7948.0,1,0.1000000000003638,BACKFILL_AUTO
2026-04-05 03:13:07,1775358787,stpRNG,7948.1,1,0.1000000000003638,BACKFILL_AUTO
2026-04-05 03:13:08,1775358788,stpRNG,7948.2,1,0.0999999999994543,BACKFILL_AUTO
2026-04-05 03:13:09,1775358789,stpRNG,7948.1,-1,0.0999999999994543,BACKFILL_AUTO
2026-04-05 03:13:10,1775358790,stpRNG,7948.0,-1,0.1000000000003638,BACKFILL_AUTO
2026-04-05 03:13:11,1775358791,stpRNG,7948.1,1,0.1000000000003638,BACKFILL_AUTO
2026-04-05 03:13:12,1775358792,stpRNG,7948.2,1,0.0999999999994543,BACKFILL_AUTO
2026-04-05 03:13:13,1775358793,stpRNG,7948.3,1,0.1000000000003638,BACKFILL_AUTO
2026-04-05 03:13:14,1775358794,stpRNG,7948.4,1,0.0999999999994543,BACKFILL_AUTO
2026-04-05 03:13:15,1775358795,stpRNG,7948.3,-1,0.0999999999994543,BACKFILL_AUTO
2026-04-05 03:13:16,1775358796,stpRNG,7948.4,1,0.0999999999994543,BACKFILL_AUTO
2026-04-05 03:13:17,1775358797,stpRNG,7948.3,-1,0.0999999999994543,BACKFILL_AUTO
2026-04-05 03:13:18,1775358798,stpRNG,7948.4,1,0.0999999999994543,BACKFILL_AUTO
2026-04-05 03:13:19,1775358799,stpRNG,7948.5,1,0.1000000000003638,BACKFILL_AUTO
2026-04-05 03:13:20,1775358800,stpRNG,7948.4,-1,0.1000000000003638,BACKFILL_AUTO
2026-04-05 03:13:21,1775358801,stpRNG,7948.5,1,0.1000000000003638,BACKFILL_AUTO
2026-04-05 03:13:22,1775358802,stpRNG,7948.4,-1,0.1000000000003638,BACKFILL_AUTO
2026-04-05 03:13:23,1775358803,stpRNG,7948.5,1,0.1000000000003638,BACKFILL_AUTO
2026-04-05 03:13:24,1775358804,stpRNG,7948.4,-1,0.1000000000003638,BACKFILL_AUTO
2026-04-05 03:13:25,1775358805,stpRNG,7948.5,1,0.1000000000003638,BACKFILL_AUTO
2026-04-05 03:13:26,1775358806,stpRNG,7948.4,-1,0.1000000000003638,BACKFILL_AUTO
2026-04-05 03:13:27,1775358807,stpRNG,7948.3,-1,0.0999999999994543,BACKFILL_AUTO
2026-04-05 03:13:28,1775358808,stpRNG,7948.4,1,0.0999999999994543,BACKFILL_AUTO
2026-04-05 03:13:29,1775358809,stpRNG,7948.5,1,0.1000000000003638,BACKFILL_AUTO
2026-04-05 03:13:30,1775358810,stpRNG,7948.6,1,0.1000000000003638,BACKFILL_AUTO
2026-04-05 03:13:31,1775358811,stpRNG,7948.5,-1,0.1000000000003638,BACKFILL_AUTO
2026-04-05 03:13:32,1775358812,stpRNG,7948.4,-1,0.1000000000003638,BACKFILL_AUTO
2026-04-05 03:13:33,1775358813,stpRNG,7948.5,1,0.1000000000003638,BACKFILL_AUTO
2026-04-05 03:13:34,1775358814,stpRNG,7948.6,1,0.1000000000003638,BACKFILL_AUTO
2026-04-05 03:13:35,1775358815,stpRNG,7948.5,-1,0.1000000000003638,BACKFILL_AUTO
2026-04-05 03:13:36,1775358816,stpRNG,7948.4,-1,0.1000000000003638,BACKFILL_AUTO
2026-04-05 03:13:37,1775358817,stpRNG,7948.3,-1,0.0999999999994543,BACKFILL_AUTO
2026-04-05 03:13:38,1775358818,stpRNG,7948.2,-1,0.1000000000003638,BACKFILL_AUTO
2026-04-05 03:13:39,1775358819,stpRNG,7948.1,-1,0.0999999999994543,BACKFILL_AUTO
2026-04-05 03:13:40,1775358820,stpRNG,7948.0,-1,0.1000000000003638,BACKFILL_AUTO
2026-04-05 03:13:41,1775358821,stpRNG,7948.1,1,0.1000000000003638,BACKFILL_AUTO
2026-04-05 03:13:42,1775358822,stpRNG,7948.0,-1,0.1000000000003638,BACKFILL_AUTO
2026-04-05 03:13:43,1775358823,stpRNG,7947.9,-1,0.1000000000003638,BACKFILL_AUTO
2026-04-05 03:13:44,1775358824,stpRNG,7948.0,1,0.1000000000003638,BACKFILL_AUTO
2026-04-05 03:13:45,1775358825,stpRNG,7948.1,1,0.1000000000003638,BACKFILL_AUTO
2026-04-05 03:13:46,1775358826,stpRNG,7948.2,1,0.0999999999994543,BACKFILL_AUTO
2026-04-05 03:13:47,1775358827,stpRNG,7948.1,-1,0.0999999999994543,BACKFILL_AUTO
2026-04-05 03:13:48,1775358828,stpRNG,7948.0,-1,0.1000000000003638,BACKFILL_AUTO
2026-04-05 03:13:49,1775358829,stpRNG,7947.9,-1,0.1000000000003638,BACKFILL_AUTO
2026-04-05 03:13:50,1775358830,stpRNG,7947.8,-1,0.0999999999994543,BACKFILL_AUTO
2026-04-05 03:13:51,1775358831,stpRNG,7947.7,-1,0.1000000000003638,BACKFILL_AUTO
2026-04-05 03:13:52,1775358832,stpRNG,7947.6,-1,0.0999999999994543,BACKFILL_AUTO
2026-04-05 03:13:53,1775358833,stpRNG,7947.5,-1,0.1000000000003638,BACKFILL_AUTO
2026-04-05 03:13:54,1775358834,stpRNG,7947.4,-1,0.1000000000003638,BACKFILL_AUTO
2026-04-05 03:13:55,1775358835,stpRNG,7947.5,1,0.1000000000003638,BACKFILL_AUTO
2026-04-05 03:13:56,1775358836,stpRNG,7947.4,-1,0.1000000000003638,BACKFILL_AUTO
2026-04-05 03:13:57,1775358837,stpRNG,7947.5,1,0.1000000000003638,BACKFILL_AUTO
2026-04-05 03:13:58,1775358838,stpRNG,7947.6,1,0.1000000000003638,BACKFILL_AUTO
2026-04-05 03:13:59,1775358839,stpRNG,7947.7,1,0.0999999999994543,BACKFILL_AUTO
2026-04-05 03:14:00,1775358840,stpRNG,7947.8,1,0.1000000000003638,BACKFILL_AUTO
2026-04-05 03:14:01,1775358841,stpRNG,7947.7,-1,0.1000000000003638,BACKFILL_AUTO
2026-04-05 03:14:02,1775358842,stpRNG,7947.8,1,0.1000000000003638,BACKFILL_AUTO
2026-04-05 03:14:03,1775358843,stpRNG,7947.7,-1,0.1000000000003638,BACKFILL_AUTO
2026-04-05 03:14:04,1775358844,stpRNG,7947.6,-1,0.0999999999994543,BACKFILL_AUTO
2026-04-05 03:14:05,1775358845,stpRNG,7947.7,1,0.0999999999994543,BACKFILL_AUTO
2026-04-05 03:14:06,1775358846,stpRNG,7947.6,-1,0.0999999999994543,BACKFILL_AUTO
2026-04-05 03:14:07,1775358847,stpRNG,7947.5,-1,0.1000000000003638,BACKFILL_AUTO
2026-04-05 03:14:08,1775358848,stpRNG,7947.6,1,0.1000000000003638,BACKFILL_AUTO
2026-04-05 03:14:09,1775358849,stpRNG,7947.5,-1,0.1000000000003638,BACKFILL_AUTO
2026-04-05 03:14:10,1775358850,stpRNG,7947.6,1,0.1000000000003638,BACKFILL_AUTO
2026-04-05 03:14:11,1775358851,stpRNG,7947.7,1,0.0999999999994543,BACKFILL_AUTO
2026-04-05 03:14:12,1775358852,stpRNG,7947.6,-1,0.0999999999994543,BACKFILL_AUTO
2026-04-05 03:14:13,1775358853,stpRNG,7947.7,1,0.0999999999994543,BACKFILL_AUTO
2026-04-05 03:14:14,1775358854,stpRNG,7947.8,1,0.1000000000003638,BACKFILL_AUTO
2026-04-05 03:14:15,1775358855,stpRNG,7947.9,1,0.0999999999994543,BACKFILL_AUTO
2026-04-05 03:14:16,1775358856,stpRNG,7948.0,1,0.1000000000003638,BACKFILL_AUTO
2026-04-05 03:14:17,1775358857,stpRNG,7948.1,1,0.1000000000003638,BACKFILL_AUTO
2026-04-05 03:14:18,1775358858,stpRNG,7948.0,-1,0.1000000000003638,BACKFILL_AUTO
2026-04-05 03:14:19,1775358859,stpRNG,7948.1,1,0.1000000000003638,BACKFILL_AUTO
2026-04-05 03:14:20,1775358860,stpRNG,7948.0,-1,0.1000000000003638,BACKFILL_AUTO
2026-04-05 03:14:21,1775358861,stpRNG,7948.1,1,0.1000000000003638,BACKFILL_AUTO
2026-04-05 03:14:22,1775358862,stpRNG,7948.2,1,0.0999999999994543,BACKFILL_AUTO
2026-04-05 03:14:23,1775358863,stpRNG,7948.1,-1,0.0999999999994543,BACKFILL_AUTO
2026-04-05 03:14:24,1775358864,stpRNG,7948.0,-1,0.1000000000003638,BACKFILL_AUTO
2026-04-05 03:14:25,1775358865,stpRNG,7948.1,1,0.1000000000003638,BACKFILL_AUTO
2026-04-05 03:14:26,1775358866,stpRNG,7948.2,1,0.0999999999994543,BACKFILL_AUTO
2026-04-05 03:14:27,1775358867,stpRNG,7948.1,-1,0.0999999999994543,BACKFILL_AUTO
2026-04-05 03:14:28,1775358868,stpRNG,7948.0,-1,0.1000000000003638,BACKFILL_AUTO
2026-04-05 03:14:29,1775358869,stpRNG,7947.9,-1,0.1000000000003638,BACKFILL_AUTO
2026-04-05 03:14:30,1775358870,stpRNG,7948.0,1,0.1000000000003638,BACKFILL_AUTO
2026-04-05 03:14:31,1775358871,stpRNG,7948.1,1,0.1000000000003638,BACKFILL_AUTO
2026-04-05 03:14:32,1775358872,stpRNG,7948.2,1,0.0999999999994543,BACKFILL_AUTO
2026-04-05 03:14:33,1775358873,stpRNG,7948.3,1,0.1000000000003638,BACKFILL_AUTO
2026-04-05 03:14:34,1775358874,stpRNG,7948.2,-1,0.1000000000003638,BACKFILL_AUTO
2026-04-05 03:14:35,1775358875,stpRNG,7948.3,1,0.1000000000003638,BACKFILL_AUTO
2026-04-05 03:14:36,1775358876,stpRNG,7948.2,-1,0.1000000000003638,BACKFILL_AUTO
2026-04-05 03:14:37,1775358877,stpRNG,7948.3,1,0.1000000000003638,BACKFILL_AUTO
2026-04-05 03:14:38,1775358878,stpRNG,7948.4,1,0.0999999999994543,BACKFILL_AUTO
2026-04-05 03:14:39,1775358879,stpRNG,7948.5,1,0.1000000000003638,BACKFILL_AUTO
2026-04-05 03:14:40,1775358880,stpRNG,7948.4,-1,0.1000000000003638,BACKFILL_AUTO
2026-04-05 03:14:41,1775358881,stpRNG,7948.3,-1,0.0999999999994543,BACKFILL_AUTO
2026-04-05 03:14:42,1775358882,stpRNG,7948.2,-1,0.1000000000003638,BACKFILL_AUTO
2026-04-05 03:14:43,1775358883,stpRNG,7948.1,-1,0.0999999999994543,BACKFILL_AUTO
2026-04-05 03:14:44,1775358884,stpRNG,7948.2,1,0.0999999999994543,BACKFILL_AUTO
2026-04-05 03:14:45,1775358885,stpRNG,7948.1,-1,0.0999999999994543,BACKFILL_AUTO
2026-04-05 03:14:46,1775358886,stpRNG,7948.2,1,0.0999999999994543,BACKFILL_AUTO
2026-04-05 03:14:47,1775358887,stpRNG,7948.3,1,0.1000000000003638,BACKFILL_AUTO
2026-04-05 03:14:48,1775358888,stpRNG,7948.2,-1,0.1000000000003638,BACKFILL_AUTO
2026-04-05 03:14:49,1775358889,stpRNG,7948.1,-1,0.0999999999994543,BACKFILL_AUTO
2026-04-05 03:14:50,1775358890,stpRNG,7948.0,-1,0.1000000000003638,BACKFILL_AUTO
2026-04-05 03:14:51,1775358891,stpRNG,7947.9,-1,0.1000000000003638,BACKFILL_AUTO
2026-04-05 03:14:52,1775358892,stpRNG,7947.8,-1,0.0999999999994543,BACKFILL_AUTO
2026-04-05 03:14:53,1775358893,stpRNG,7947.7,-1,0.1000000000003638,BACKFILL_AUTO
2026-04-05 03:14:54,1775358894,stpRNG,7947.8,1,0.1000000000003638,BACKFILL_AUTO
2026-04-05 03:14:55,1775358895,stpRNG,7947.7,-1,0.1000000000003638,BACKFILL_AUTO
2026-04-05 03:14:56,1775358896,stpRNG,7947.6,-1,0.0999999999994543,BACKFILL_AUTO
2026-04-05 03:14:57,1775358897,stpRNG,7947.7,1,0.0999999999994543,BACKFILL_AUTO
2026-04-05 03:14:58,1775358898,stpRNG,7947.6,-1,0.0999999999994543,BACKFILL_AUTO
2026-04-05 03:14:59,1775358899,stpRNG,7947.5,-1,0.1000000000003638,BACKFILL_AUTO
2026-04-05 03:15:00,1775358900,stpRNG,7947.4,-1,0.1000000000003638,BACKFILL_AUTO
2026-04-05 03:15:01,1775358901,stpRNG,7947.3,-1,0.0999999999994543,BACKFILL_AUTO
2026-04-05 03:15:02,1775358902,stpRNG,7947.2,-1,0.1000000000003638,BACKFILL_AUTO
2026-04-05 03:15:03,1775358903,stpRNG,7947.1,-1,0.0999999999994543,BACKFILL_AUTO
2026-04-05 03:15:04,1775358904,stpRNG,7947.0,-1,0.1000000000003638,BACKFILL_AUTO
2026-04-05 03:15:05,1775358905,stpRNG,7946.9,-1,0.1000000000003638,BACKFILL_AUTO
2026-04-05 03:15:06,1775358906,stpRNG,7947.0,1,0.1000000000003638,BACKFILL_AUTO
2026-04-05 03:15:07,1775358907,stpRNG,7947.1,1,0.1000000000003638,BACKFILL_AUTO
2026-04-05 03:15:08,1775358908,stpRNG,7947.2,1,0.0999999999994543,BACKFILL_AUTO
2026-04-05 03:15:09,1775358909,stpRNG,7947.1,-1,0.0999999999994543,BACKFILL_AUTO
2026-04-05 03:15:10,1775358910,stpRNG,7947.0,-1,0.1000000000003638,BACKFILL_AUTO
2026-04-05 03:15:11,1775358911,stpRNG,7946.9,-1,0.1000000000003638,BACKFILL_AUTO
2026-04-05 03:15:12,1775358912,stpRNG,7947.0,1,0.1000000000003638,BACKFILL_AUTO
2026-04-05 03:15:13,1775358913,stpRNG,7947.1,1,0.1000000000003638,BACKFILL_AUTO
2026-04-05 03:15:14,1775358914,stpRNG,7947.0,-1,0.1000000000003638,BACKFILL_AUTO
2026-04-05 03:15:15,1775358915,stpRNG,7947.1,1,0.1000000000003638,BACKFILL_AUTO
2026-04-05 03:15:16,1775358916,stpRNG,7947.2,1,0.0999999999994543,BACKFILL_AUTO
2026-04-05 03:15:17,1775358917,stpRNG,7947.3,1,0.1000000000003638,BACKFILL_AUTO
2026-04-05 03:15:18,1775358918,stpRNG,7947.4,1,0.0999999999994543,BACKFILL_AUTO
2026-04-05 03:15:19,1775358919,stpRNG,7947.5,1,0.1000000000003638,BACKFILL_AUTO
2026-04-05 03:15:20,1775358920,stpRNG,7947.4,-1,0.1000000000003638,BACKFILL_AUTO
2026-04-05 03:15:21,1775358921,stpRNG,7947.3,-1,0.0999999999994543,BACKFILL_AUTO
2026-04-05 03:15:22,1775358922,stpRNG,7947.2,-1,0.1000000000003638,BACKFILL_AUTO
2026-04-05 03:15:23,1775358923,stpRNG,7947.3,1,0.1000000000003638,BACKFILL_AUTO
2026-04-05 03:15:24,1775358924,stpRNG,7947.4,1,0.0999999999994543,BACKFILL_AUTO
2026-04-05 03:15:25,1775358925,stpRNG,7947.5,1,0.1000000000003638,BACKFILL_AUTO
2026-04-05 03:15:26,1775358926,stpRNG,7947.6,1,0.1000000000003638,BACKFILL_AUTO
2026-04-05 03:15:27,1775358927,stpRNG,7947.5,-1,0.1000000000003638,BACKFILL_AUTO
2026-04-05 03:15:28,1775358928,stpRNG,7947.4,-1,0.1000000000003638,BACKFILL_AUTO
2026-04-05 03:15:29,1775358929,stpRNG,7947.3,-1,0.0999999999994543,BACKFILL_AUTO
2026-04-05 03:15:30,1775358930,stpRNG,7947.4,1,0.0999999999994543,BACKFILL_AUTO
2026-04-05 03:15:31,1775358931,stpRNG,7947.5,1,0.1000000000003638,BACKFILL_AUTO
2026-04-05 03:15:32,1775358932,stpRNG,7947.4,-1,0.1000000000003638,BACKFILL_AUTO
2026-04-05 03:15:33,1775358933,stpRNG,7947.5,1,0.1000000000003638,BACKFILL_AUTO
2026-04-05 03:15:34,1775358934,stpRNG,7947.6,1,0.1000000000003638,BACKFILL_AUTO
2026-04-05 03:15:35,1775358935,stpRNG,7947.7,1,0.0999999999994543,BACKFILL_AUTO
2026-04-05 03:15:36,1775358936,stpRNG,7947.6,-1,0.0999999999994543,BACKFILL_AUTO
2026-04-05 03:15:37,1775358937,stpRNG,7947.5,-1,0.1000000000003638,BACKFILL_AUTO
2026-04-05 03:15:38,1775358938,stpRNG,7947.6,1,0.1000000000003638,BACKFILL_AUTO
2026-04-05 03:15:39,1775358939,stpRNG,7947.7,1,0.0999999999994543,BACKFILL_AUTO
2026-04-05 03:15:40,1775358940,stpRNG,7947.6,-1,0.0999999999994543,BACKFILL_AUTO
2026-04-05 03:15:41,1775358941,stpRNG,7947.7,1,0.0999999999994543,BACKFILL_AUTO
2026-04-05 03:15:42,1775358942,stpRNG,7947.6,-1,0.0999999999994543,BACKFILL_AUTO
2026-04-05 03:15:43,1775358943,stpRNG,7947.7,1,0.0999999999994543,BACKFILL_AUTO
2026-04-05 03:15:44,1775358944,stpRNG,7947.8,1,0.1000000000003638,BACKFILL_AUTO
2026-04-05 03:15:45,1775358945,stpRNG,7947.9,1,0.0999999999994543,BACKFILL_AUTO
2026-04-05 03:15:46,1775358946,stpRNG,7947.8,-1,0.0999999999994543,BACKFILL_AUTO
2026-04-05 03:15:47,1775358947,stpRNG,7947.7,-1,0.1000000000003638,BACKFILL_AUTO
2026-04-05 03:15:48,1775358948,stpRNG,7947.8,1,0.1000000000003638,BACKFILL_AUTO
2026-04-05 03:15:49,1775358949,stpRNG,7947.7,-1,0.1000000000003638,BACKFILL_AUTO
2026-04-05 03:15:50,1775358950,stpRNG,7947.6,-1,0.0999999999994543,BACKFILL_AUTO
2026-04-05 03:15:51,1775358951,stpRNG,7947.7,1,0.0999999999994543,BACKFILL_AUTO
2026-04-05 03:15:52,1775358952,stpRNG,7947.8,1,0.1000000000003638,BACKFILL_AUTO
2026-04-05 03:15:53,1775358953,stpRNG,7947.7,-1,0.1000000000003638,BACKFILL_AUTO
2026-04-05 03:15:54,1775358954,stpRNG,7947.8,1,0.1000000000003638,BACKFILL_AUTO
2026-04-05 03:15:55,1775358955,stpRNG,7947.7,-1,0.1000000000003638,BACKFILL_AUTO
2026-04-05 03:15:56,1775358956,stpRNG,7947.6,-1,0.0999999999994543,BACKFILL_AUTO
2026-04-05 03:15:57,1775358957,stpRNG,7947.5,-1,0.1000000000003638,BACKFILL_AUTO
2026-04-05 03:15:58,1775358958,stpRNG,7947.4,-1,0.1000000000003638,BACKFILL_AUTO
2026-04-05 03:15:59,1775358959,stpRNG,7947.3,-1,0.0999999999994543,BACKFILL_AUTO
2026-04-05 03:16:00,1775358960,stpRNG,7947.4,1,0.0999999999994543,BACKFILL_AUTO
2026-04-05 03:16:01,1775358961,stpRNG,7947.5,1,0.1000000000003638,BACKFILL_AUTO
2026-04-05 03:16:02,1775358962,stpRNG,7947.4,-1,0.1000000000003638,BACKFILL_AUTO
2026-04-05 03:16:03,1775358963,stpRNG,7947.3,-1,0.0999999999994543,BACKFILL_AUTO
2026-04-05 03:16:04,1775358964,stpRNG,7947.2,-1,0.1000000000003638,BACKFILL_AUTO
2026-04-05 03:16:05,1775358965,stpRNG,7947.1,-1,0.0999999999994543,BACKFILL_AUTO
2026-04-05 03:16:06,1775358966,stpRNG,7947.2,1,0.0999999999994543,BACKFILL_AUTO
2026-04-05 03:16:07,1775358967,stpRNG,7947.1,-1,0.0999999999994543,BACKFILL_AUTO
2026-04-05 03:16:08,1775358968,stpRNG,7947.2,1,0.0999999999994543,BACKFILL_AUTO
2026-04-05 03:16:09,1775358969,stpRNG,7947.1,-1,0.0999999999994543,BACKFILL_AUTO
2026-04-05 03:16:10,1775358970,stpRNG,7947.0,-1,0.1000000000003638,BACKFILL_AUTO
2026-04-05 03:16:11,1775358971,stpRNG,7946.9,-1,0.1000000000003638,BACKFILL_AUTO
2026-04-05 03:16:12,1775358972,stpRNG,7947.0,1,0.1000000000003638,BACKFILL_AUTO
2026-04-05 03:16:13,1775358973,stpRNG,7946.9,-1,0.1000000000003638,BACKFILL_AUTO
2026-04-05 03:16:14,1775358974,stpRNG,7946.8,-1,0.0999999999994543,BACKFILL_AUTO
2026-04-05 03:16:15,1775358975,stpRNG,7946.9,1,0.0999999999994543,BACKFILL_AUTO
2026-04-05 03:16:16,1775358976,stpRNG,7947.0,1,0.1000000000003638,BACKFILL_AUTO
2026-04-05 03:16:17,1775358977,stpRNG,7946.9,-1,0.1000000000003638,BACKFILL_AUTO
2026-04-05 03:16:18,1775358978,stpRNG,7947.0,1,0.1000000000003638,BACKFILL_AUTO
2026-04-05 03:16:19,1775358979,stpRNG,7947.1,1,0.1000000000003638,BACKFILL_AUTO
2026-04-05 03:16:20,1775358980,stpRNG,7947.2,1,0.0999999999994543,BACKFILL_AUTO
2026-04-05 03:16:21,1775358981,stpRNG,7947.3,1,0.1000000000003638,BACKFILL_AUTO
2026-04-05 03:16:22,1775358982,stpRNG,7947.4,1,0.0999999999994543,BACKFILL_AUTO
2026-04-05 03:16:23,1775358983,stpRNG,7947.5,1,0.1000000000003638,BACKFILL_AUTO
2026-04-05 03:16:24,1775358984,stpRNG,7947.4,-1,0.1000000000003638,BACKFILL_AUTO
2026-04-05 03:16:25,1775358985,stpRNG,7947.3,-1,0.0999999999994543,BACKFILL_AUTO
2026-04-05 03:16:26,1775358986,stpRNG,7947.4,1,0.0999999999994543,BACKFILL_AUTO
2026-04-05 03:16:27,1775358987,stpRNG,7947.5,1,0.1000000000003638,BACKFILL_AUTO
2026-04-05 03:16:28,1775358988,stpRNG,7947.4,-1,0.1000000000003638,BACKFILL_AUTO
2026-04-05 03:16:29,1775358989,stpRNG,7947.3,-1,0.0999999999994543,BACKFILL_AUTO
2026-04-05 03:16:30,1775358990,stpRNG,7947.4,1,0.0999999999994543,BACKFILL_AUTO
2026-04-05 03:16:31,1775358991,stpRNG,7947.3,-1,0.0999999999994543,BACKFILL_AUTO
2026-04-05 03:16:32,1775358992,stpRNG,7947.2,-1,0.1000000000003638,BACKFILL_AUTO
2026-04-05 03:16:33,1775358993,stpRNG,7947.1,-1,0.0999999999994543,BACKFILL_AUTO
2026-04-05 03:16:34,1775358994,stpRNG,7947.0,-1,0.1000000000003638,BACKFILL_AUTO
2026-04-05 03:16:35,1775358995,stpRNG,7946.9,-1,0.1000000000003638,BACKFILL_AUTO
2026-04-05 03:16:36,1775358996,stpRNG,7947.0,1,0.1000000000003638,BACKFILL_AUTO
2026-04-05 03:16:37,1775358997,stpRNG,7947.1,1,0.1000000000003638,BACKFILL_AUTO
2026-04-05 03:16:38,1775358998,stpRNG,7947.0,-1,0.1000000000003638,BACKFILL_AUTO
2026-04-05 03:16:39,1775358999,stpRNG,7947.1,1,0.1000000000003638,BACKFILL_AUTO
2026-04-05 03:16:40,1775359000,stpRNG,7947.0,-1,0.1000000000003638,BACKFILL_AUTO
2026-04-05 03:16:41,1775359001,stpRNG,7946.9,-1,0.1000000000003638,BACKFILL_AUTO
2026-04-05 03:16:42,1775359002,stpRNG,7946.8,-1,0.0999999999994543,BACKFILL_AUTO
2026-04-05 03:16:43,1775359003,stpRNG,7946.7,-1,0.1000000000003638,BACKFILL_AUTO
2026-04-05 03:16:44,1775359004,stpRNG,7946.8,1,0.1000000000003638,BACKFILL_AUTO
2026-04-05 03:16:45,1775359005,stpRNG,7946.7,-1,0.1000000000003638,BACKFILL_AUTO
2026-04-05 03:16:46,1775359006,stpRNG,7946.6,-1,0.0999999999994543,BACKFILL_AUTO
2026-04-05 03:16:47,1775359007,stpRNG,7946.7,1,0.0999999999994543,BACKFILL_AUTO
2026-04-05 03:16:48,1775359008,stpRNG,7946.8,1,0.1000000000003638,BACKFILL_AUTO
2026-04-05 03:16:49,1775359009,stpRNG,7946.9,1,0.0999999999994543,BACKFILL_AUTO
2026-04-05 03:16:50,1775359010,stpRNG,7947.0,1,0.1000000000003638,BACKFILL_AUTO
2026-04-05 03:16:51,1775359011,stpRNG,7946.9,-1,0.1000000000003638,BACKFILL_AUTO
2026-04-05 03:16:52,1775359012,stpRNG,7947.0,1,0.1000000000003638,BACKFILL_AUTO
2026-04-05 03:16:53,1775359013,stpRNG,7946.9,-1,0.1000000000003638,BACKFILL_AUTO
2026-04-05 03:16:54,1775359014,stpRNG,7946.8,-1,0.0999999999994543,BACKFILL_AUTO
2026-04-05 03:16:55,1775359015,stpRNG,7946.9,1,0.0999999999994543,BACKFILL_AUTO
2026-04-05 03:16:56,1775359016,stpRNG,7947.0,1,0.1000000000003638,BACKFILL_AUTO
2026-04-05 03:16:57,1775359017,stpRNG,7946.9,-1,0.1000000000003638,BACKFILL_AUTO
2026-04-05 03:16:58,1775359018,stpRNG,7947.0,1,0.1000000000003638,BACKFILL_AUTO
2026-04-05 03:16:59,1775359019,stpRNG,7946.9,-1,0.1000000000003638,BACKFILL_AUTO
2026-04-05 03:17:00,1775359020,stpRNG,7947.0,1,0.1000000000003638,BACKFILL_AUTO
2026-04-05 03:17:01,1775359021,stpRNG,7946.9,-1,0.1000000000003638,BACKFILL_AUTO
2026-04-05 03:17:02,1775359022,stpRNG,7947.0,1,0.1000000000003638,BACKFILL_AUTO
2026-04-05 03:17:03,1775359023,stpRNG,7946.9,-1,0.1000000000003638,BACKFILL_AUTO
2026-04-05 03:17:04,1775359024,stpRNG,7947.0,1,0.1000000000003638,BACKFILL_AUTO
2026-04-05 03:17:05,1775359025,stpRNG,7947.1,1,0.1000000000003638,BACKFILL_AUTO
2026-04-05 03:17:06,1775359026,stpRNG,7947.2,1,0.0999999999994543,BACKFILL_AUTO
2026-04-05 03:17:07,1775359027,stpRNG,7947.1,-1,0.0999999999994543,BACKFILL_AUTO
2026-04-05 03:17:08,1775359028,stpRNG,7947.2,1,0.0999999999994543,BACKFILL_AUTO
2026-04-05 03:17:09,1775359029,stpRNG,7947.3,1,0.1000000000003638,BACKFILL_AUTO
2026-04-05 03:17:10,1775359030,stpRNG,7947.4,1,0.0999999999994543,BACKFILL_AUTO
2026-04-05 03:17:11,1775359031,stpRNG,7947.5,1,0.1000000000003638,BACKFILL_AUTO
2026-04-05 03:17:12,1775359032,stpRNG,7947.4,-1,0.1000000000003638,BACKFILL_AUTO
2026-04-05 03:17:13,1775359033,stpRNG,7947.5,1,0.1000000000003638,BACKFILL_AUTO
2026-04-05 03:17:14,1775359034,stpRNG,7947.6,1,0.1000000000003638,BACKFILL_AUTO
2026-04-05 03:17:15,1775359035,stpRNG,7947.5,-1,0.1000000000003638,BACKFILL_AUTO
2026-04-05 03:17:16,1775359036,stpRNG,7947.6,1,0.1000000000003638,BACKFILL_AUTO
2026-04-05 03:17:17,1775359037,stpRNG,7947.7,1,0.0999999999994543,BACKFILL_AUTO
2026-04-05 03:17:18,1775359038,stpRNG,7947.8,1,0.1000000000003638,BACKFILL_AUTO
2026-04-05 03:17:19,1775359039,stpRNG,7947.7,-1,0.1000000000003638,BACKFILL_AUTO
2026-04-05 03:17:20,1775359040,stpRNG,7947.6,-1,0.0999999999994543,BACKFILL_AUTO
2026-04-05 03:17:21,1775359041,stpRNG,7947.7,1,0.0999999999994543,BACKFILL_AUTO
2026-04-05 03:17:22,1775359042,stpRNG,7947.6,-1,0.0999999999994543,BACKFILL_AUTO
2026-04-05 03:17:23,1775359043,stpRNG,7947.7,1,0.0999999999994543,BACKFILL_AUTO
2026-04-05 03:17:24,1775359044,stpRNG,7947.6,-1,0.0999999999994543,BACKFILL_AUTO
2026-04-05 03:17:25,1775359045,stpRNG,7947.7,1,0.0999999999994543,BACKFILL_AUTO
2026-04-05 03:17:26,1775359046,stpRNG,7947.6,-1,0.0999999999994543,BACKFILL_AUTO
2026-04-05 03:17:27,1775359047,stpRNG,7947.5,-1,0.1000000000003638,BACKFILL_AUTO
2026-04-05 03:17:28,1775359048,stpRNG,7947.6,1,0.1000000000003638,BACKFILL_AUTO
2026-04-05 03:17:29,1775359049,stpRNG,7947.5,-1,0.1000000000003638,BACKFILL_AUTO
2026-04-05 03:17:30,1775359050,stpRNG,7947.4,-1,0.1000000000003638,BACKFILL_AUTO
2026-04-05 03:17:31,1775359051,stpRNG,7947.5,1,0.1000000000003638,BACKFILL_AUTO
2026-04-05 03:17:32,1775359052,stpRNG,7947.6,1,0.1000000000003638,BACKFILL_AUTO
2026-04-05 03:17:33,1775359053,stpRNG,7947.7,1,0.0999999999994543,BACKFILL_AUTO
2026-04-05 03:17:34,1775359054,stpRNG,7947.6,-1,0.0999999999994543,BACKFILL_AUTO
2026-04-05 03:17:35,1775359055,stpRNG,7947.7,1,0.0999999999994543,BACKFILL_AUTO
2026-04-05 03:17:36,1775359056,stpRNG,7947.8,1,0.1000000000003638,BACKFILL_AUTO
2026-04-05 03:17:37,1775359057,stpRNG,7947.9,1,0.0999999999994543,BACKFILL_AUTO
2026-04-05 03:17:38,1775359058,stpRNG,7948.0,1,0.1000000000003638,BACKFILL_AUTO
2026-04-05 03:17:39,1775359059,stpRNG,7948.1,1,0.1000000000003638,BACKFILL_AUTO
2026-04-05 03:17:40,1775359060,stpRNG,7948.2,1,0.0999999999994543,BACKFILL_AUTO
2026-04-05 03:17:41,1775359061,stpRNG,7948.1,-1,0.0999999999994543,BACKFILL_AUTO
2026-04-05 03:17:42,1775359062,stpRNG,7948.2,1,0.0999999999994543,BACKFILL_AUTO
2026-04-05 03:17:43,1775359063,stpRNG,7948.1,-1,0.0999999999994543,BACKFILL_AUTO
2026-04-05 03:17:44,1775359064,stpRNG,7948.2,1,0.0999999999994543,BACKFILL_AUTO
2026-04-05 03:17:45,1775359065,stpRNG,7948.3,1,0.1000000000003638,BACKFILL_AUTO
2026-04-05 03:17:46,1775359066,stpRNG,7948.2,-1,0.1000000000003638,BACKFILL_AUTO
2026-04-05 03:17:47,1775359067,stpRNG,7948.3,1,0.1000000000003638,BACKFILL_AUTO
2026-04-05 03:17:48,1775359068,stpRNG,7948.2,-1,0.1000000000003638,BACKFILL_AUTO
2026-04-05 03:17:49,1775359069,stpRNG,7948.1,-1,0.0999999999994543,BACKFILL_AUTO
2026-04-05 03:17:50,1775359070,stpRNG,7948.2,1,0.0999999999994543,BACKFILL_AUTO
2026-04-05 03:17:51,1775359071,stpRNG,7948.3,1,0.1000000000003638,BACKFILL_AUTO
2026-04-05 03:17:52,1775359072,stpRNG,7948.4,1,0.0999999999994543,BACKFILL_AUTO
2026-04-05 03:17:53,1775359073,stpRNG,7948.5,1,0.1000000000003638,BACKFILL_AUTO
2026-04-05 03:17:54,1775359074,stpRNG,7948.6,1,0.1000000000003638,BACKFILL_AUTO
2026-04-05 03:17:55,1775359075,stpRNG,7948.7,1,0.0999999999994543,BACKFILL_AUTO
2026-04-05 03:17:56,1775359076,stpRNG,7948.6,-1,0.0999999999994543,BACKFILL_AUTO
2026-04-05 03:17:57,1775359077,stpRNG,7948.5,-1,0.1000000000003638,BACKFILL_AUTO
2026-04-05 03:17:58,1775359078,stpRNG,7948.6,1,0.1000000000003638,BACKFILL_AUTO
2026-04-05 03:17:59,1775359079,stpRNG,7948.5,-1,0.1000000000003638,BACKFILL_AUTO
2026-04-05 03:18:00,1775359080,stpRNG,7948.4,-1,0.1000000000003638,BACKFILL_AUTO
2026-04-05 03:18:01,1775359081,stpRNG,7948.5,1,0.1000000000003638,BACKFILL_AUTO
2026-04-05 03:18:02,1775359082,stpRNG,7948.6,1,0.1000000000003638,BACKFILL_AUTO
2026-04-05 03:18:03,1775359083,stpRNG,7948.7,1,0.0999999999994543,BACKFILL_AUTO
2026-04-05 03:18:04,1775359084,stpRNG,7948.8,1,0.1000000000003638,BACKFILL_AUTO
2026-04-05 03:18:05,1775359085,stpRNG,7948.7,-1,0.1000000000003638,BACKFILL_AUTO
2026-04-05 03:18:06,1775359086,stpRNG,7948.6,-1,0.0999999999994543,BACKFILL_AUTO
2026-04-05 03:18:07,1775359087,stpRNG,7948.5,-1,0.1000000000003638,BACKFILL_AUTO
2026-04-05 03:18:08,1775359088,stpRNG,7948.4,-1,0.1000000000003638,BACKFILL_AUTO
2026-04-05 03:18:09,1775359089,stpRNG,7948.5,1,0.1000000000003638,BACKFILL_AUTO
2026-04-05 03:18:10,1775359090,stpRNG,7948.4,-1,0.1000000000003638,BACKFILL_AUTO
2026-04-05 03:18:11,1775359091,stpRNG,7948.5,1,0.1000000000003638,BACKFILL_AUTO
2026-04-05 03:18:12,1775359092,stpRNG,7948.6,1,0.1000000000003638,BACKFILL_AUTO
2026-04-05 03:18:13,1775359093,stpRNG,7948.5,-1,0.1000000000003638,BACKFILL_AUTO
2026-04-05 03:18:14,1775359094,stpRNG,7948.6,1,0.1000000000003638,BACKFILL_AUTO
2026-04-05 03:18:15,1775359095,stpRNG,7948.5,-1,0.1000000000003638,BACKFILL_AUTO
2026-04-05 03:18:16,1775359096,stpRNG,7948.4,-1,0.1000000000003638,BACKFILL_AUTO
2026-04-05 03:18:17,1775359097,stpRNG,7948.3,-1,0.0999999999994543,BACKFILL_AUTO
2026-04-05 03:18:18,1775359098,stpRNG,7948.2,-1,0.1000000000003638,BACKFILL_AUTO
2026-04-05 03:18:19,1775359099,stpRNG,7948.3,1,0.1000000000003638,BACKFILL_AUTO
2026-04-05 03:18:20,1775359100,stpRNG,7948.2,-1,0.1000000000003638,BACKFILL_AUTO
2026-04-05 03:18:21,1775359101,stpRNG,7948.3,1,0.1000000000003638,BACKFILL_AUTO
2026-04-05 03:18:22,1775359102,stpRNG,7948.4,1,0.0999999999994543,BACKFILL_AUTO
2026-04-05 03:18:23,1775359103,stpRNG,7948.3,-1,0.0999999999994543,BACKFILL_AUTO
2026-04-05 03:18:24,1775359104,stpRNG,7948.4,1,0.0999999999994543,BACKFILL_AUTO
2026-04-05 03:18:25,1775359105,stpRNG,7948.5,1,0.1000000000003638,BACKFILL_AUTO
2026-04-05 03:18:26,1775359106,stpRNG,7948.4,-1,0.1000000000003638,BACKFILL_AUTO
2026-04-05 03:18:27,1775359107,stpRNG,7948.3,-1,0.0999999999994543,BACKFILL_AUTO
2026-04-05 03:18:28,1775359108,stpRNG,7948.4,1,0.0999999999994543,BACKFILL_AUTO
2026-04-05 03:18:29,1775359109,stpRNG,7948.5,1,0.1000000000003638,BACKFILL_AUTO
2026-04-05 03:18:30,1775359110,stpRNG,7948.4,-1,0.1000000000003638,BACKFILL_AUTO
2026-04-05 03:18:31,1775359111,stpRNG,7948.3,-1,0.0999999999994543,BACKFILL_AUTO
2026-04-05 03:18:32,1775359112,stpRNG,7948.2,-1,0.1000000000003638,BACKFILL_AUTO
2026-04-05 03:18:33,1775359113,stpRNG,7948.3,1,0.1000000000003638,BACKFILL_AUTO
2026-04-05 03:18:34,1775359114,stpRNG,7948.4,1,0.0999999999994543,BACKFILL_AUTO
2026-04-05 03:18:35,1775359115,stpRNG,7948.5,1,0.1000000000003638,BACKFILL_AUTO
2026-04-05 03:18:36,1775359116,stpRNG,7948.4,-1,0.1000000000003638,BACKFILL_AUTO
2026-04-05 03:18:37,1775359117,stpRNG,7948.5,1,0.1000000000003638,BACKFILL_AUTO
2026-04-05 03:18:38,1775359118,stpRNG,7948.6,1,0.1000000000003638,BACKFILL_AUTO
2026-04-05 03:18:39,1775359119,stpRNG,7948.5,-1,0.1000000000003638,BACKFILL_AUTO
2026-04-05 03:18:40,1775359120,stpRNG,7948.4,-1,0.1000000000003638,BACKFILL_AUTO
2026-04-05 03:18:41,1775359121,stpRNG,7948.5,1,0.1000000000003638,BACKFILL_AUTO
2026-04-05 03:18:42,1775359122,stpRNG,7948.6,1,0.1000000000003638,BACKFILL_AUTO
2026-04-05 03:18:43,1775359123,stpRNG,7948.7,1,0.0999999999994543,BACKFILL_AUTO
2026-04-05 03:18:44,1775359124,stpRNG,7948.6,-1,0.0999999999994543,BACKFILL_AUTO
2026-04-05 03:18:45,1775359125,stpRNG,7948.7,1,0.0999999999994543,BACKFILL_AUTO
2026-04-05 03:18:46,1775359126,stpRNG,7948.8,1,0.1000000000003638,BACKFILL_AUTO
2026-04-05 03:18:47,1775359127,stpRNG,7948.7,-1,0.1000000000003638,BACKFILL_AUTO
2026-04-05 03:18:48,1775359128,stpRNG,7948.6,-1,0.0999999999994543,BACKFILL_AUTO
2026-04-05 03:18:49,1775359129,stpRNG,7948.5,-1,0.1000000000003638,BACKFILL_AUTO
2026-04-05 03:18:50,1775359130,stpRNG,7948.6,1,0.1000000000003638,BACKFILL_AUTO
2026-04-05 03:18:51,1775359131,stpRNG,7948.5,-1,0.1000000000003638,BACKFILL_AUTO
2026-04-05 03:18:52,1775359132,stpRNG,7948.6,1,0.1000000000003638,BACKFILL_AUTO
2026-04-05 03:18:53,1775359133,stpRNG,7948.7,1,0.0999999999994543,BACKFILL_AUTO
2026-04-05 03:18:54,1775359134,stpRNG,7948.6,-1,0.0999999999994543,BACKFILL_AUTO
2026-04-05 03:18:55,1775359135,stpRNG,7948.7,1,0.0999999999994543,BACKFILL_AUTO
2026-04-05 03:18:56,1775359136,stpRNG,7948.6,-1,0.0999999999994543,BACKFILL_AUTO
2026-04-05 03:18:57,1775359137,stpRNG,7948.7,1,0.0999999999994543,BACKFILL_AUTO
2026-04-05 03:18:58,1775359138,stpRNG,7948.6,-1,0.0999999999994543,BACKFILL_AUTO
2026-04-05 03:18:59,1775359139,stpRNG,7948.5,-1,0.1000000000003638,BACKFILL_AUTO
2026-04-05 03:19:00,1775359140,stpRNG,7948.4,-1,0.1000000000003638,BACKFILL_AUTO
2026-04-05 03:19:01,1775359141,stpRNG,7948.5,1,0.1000000000003638,BACKFILL_AUTO
2026-04-05 03:19:02,1775359142,stpRNG,7948.4,-1,0.1000000000003638,BACKFILL_AUTO
2026-04-05 03:19:03,1775359143,stpRNG,7948.3,-1,0.0999999999994543,BACKFILL_AUTO
2026-04-05 03:19:04,1775359144,stpRNG,7948.2,-1,0.1000000000003638,BACKFILL_AUTO
2026-04-05 03:19:05,1775359145,stpRNG,7948.3,1,0.1000000000003638,BACKFILL_AUTO
2026-04-05 03:19:06,1775359146,stpRNG,7948.2,-1,0.1000000000003638,BACKFILL_AUTO
2026-04-05 03:19:07,1775359147,stpRNG,7948.1,-1,0.0999999999994543,BACKFILL_AUTO
2026-04-05 03:19:08,1775359148,stpRNG,7948.0,-1,0.1000000000003638,BACKFILL_AUTO
2026-04-05 03:19:09,1775359149,stpRNG,7948.1,1,0.1000000000003638,BACKFILL_AUTO
